3/17/20 17:01:25,ETH/BTC,bid,0.02187308,7.44564869
3/17/20 17:01:25,ETH/BTC,bid,0.02187307,3.467434
3/17/20 17:01:25,ETH/BTC,bid,0.02187305,6.85567013
3/17/20 17:01:25,ETH/BTC,bid,0.021873,1
3/17/20 17:01:25,ETH/BTC,bid,0.02187163,0.03322569
3/17/20 17:01:25,ETH/BTC,bid,0.02187008,0.21
3/17/20 17:01:25,ETH/BTC,bid,0.02186299,0.1
3/17/20 17:01:25,ETH/BTC,bid,0.02186251,0.0091
3/17/20 17:01:25,ETH/BTC,bid,0.02186053,0.58
3/17/20 17:01:25,ETH/BTC,bid,0.02186052,0.05
3/17/20 17:01:25,ETH/BTC,bid,0.02185561,9.14455526
3/17/20 17:01:25,ETH/BTC,bid,0.02184944,130
3/17/20 17:01:25,ETH/BTC,bid,0.02184363,4.52654436
3/17/20 17:01:25,ETH/BTC,bid,0.02183269,4.89101735
3/17/20 17:01:25,ETH/BTC,bid,0.02183264,0.00630238
3/17/20 17:01:25,ETH/BTC,bid,0.0218247,0.01248192
3/17/20 17:01:25,ETH/BTC,bid,0.0218238,41.5
3/17/20 17:01:25,ETH/BTC,bid,0.02181735,0.2
3/17/20 17:01:25,ETH/BTC,bid,0.02180845,50
3/17/20 17:01:25,ETH/BTC,bid,0.0218,32.74659999
3/17/20 17:01:25,ETH/BTC,bid,0.02179639,0.40030023
3/17/20 17:01:25,ETH/BTC,bid,0.0217942,0.81461421
3/17/20 17:01:25,ETH/BTC,bid,0.02179148,49
3/17/20 17:01:25,ETH/BTC,bid,0.02178009,0.73972375
3/17/20 17:01:25,ETH/BTC,bid,0.02177774,48
3/17/20 17:01:25,ETH/BTC,bid,0.0217631,0.01368442
3/17/20 17:01:25,ETH/BTC,bid,0.021763,0.57907871
3/17/20 17:01:25,ETH/BTC,bid,0.02176045,49
3/17/20 17:01:25,ETH/BTC,bid,0.02175882,40.67636181
3/17/20 17:01:25,ETH/BTC,bid,0.02175498,0.1331879
3/17/20 17:01:25,ETH/BTC,bid,0.0217499,0.04644343
3/17/20 17:01:25,ETH/BTC,bid,0.02174665,51
3/17/20 17:01:25,ETH/BTC,bid,0.02174558,50.96
3/17/20 17:01:25,ETH/BTC,bid,0.02173852,14.73
3/17/20 17:01:25,ETH/BTC,bid,0.02173707,0.09825887
3/17/20 17:01:25,ETH/BTC,bid,0.02173628,0.03355265
3/17/20 17:01:25,ETH/BTC,bid,0.02173528,0.55209779
3/17/20 17:01:25,ETH/BTC,bid,0.02172401,0.00633334
3/17/20 17:01:25,ETH/BTC,bid,0.02171691,0.02869842
3/17/20 17:01:25,ETH/BTC,bid,0.02170739,1.033055
3/17/20 17:01:25,ETH/BTC,bid,0.02170001,2.58533184
3/17/20 17:01:25,ETH/BTC,bid,0.0217,11.58032904
3/17/20 17:01:25,ETH/BTC,bid,0.02168639,0.40030022
3/17/20 17:01:25,ETH/BTC,bid,0.02167076,33.82130391
3/17/20 17:01:25,ETH/BTC,bid,0.02167075,0.1777869
3/17/20 17:01:25,ETH/BTC,bid,0.02164914,31.97356142
3/17/20 17:01:25,ETH/BTC,bid,0.02164903,0.01766217
3/17/20 17:01:25,ETH/BTC,bid,0.02164226,0.14046593
3/17/20 17:01:25,ETH/BTC,bid,0.02161593,0.00636546
3/17/20 17:01:25,ETH/BTC,bid,0.02160336,508.56
3/17/20 17:01:25,ETH/BTC,ask,0.02189093,9.80492203
3/17/20 17:01:25,ETH/BTC,ask,0.02189094,10.91645003
3/17/20 17:01:25,ETH/BTC,ask,0.02189096,6.85752424
3/17/20 17:01:25,ETH/BTC,ask,0.02189398,9.14003499
3/17/20 17:01:25,ETH/BTC,ask,0.02189399,9.14068583
3/17/20 17:01:25,ETH/BTC,ask,0.02189434,130
3/17/20 17:01:25,ETH/BTC,ask,0.0219,0.04
3/17/20 17:01:25,ETH/BTC,ask,0.021901,42.4
3/17/20 17:01:25,ETH/BTC,ask,0.02191749,23.5
3/17/20 17:01:25,ETH/BTC,ask,0.02192039,0.4014997
3/17/20 17:01:25,ETH/BTC,ask,0.02193216,1.37106548
3/17/20 17:01:25,ETH/BTC,ask,0.02193217,36.8
3/17/20 17:01:25,ETH/BTC,ask,0.02194667,50.95
3/17/20 17:01:25,ETH/BTC,ask,0.02195467,0.2
3/17/20 17:01:25,ETH/BTC,ask,0.02195887,14.73
3/17/20 17:01:25,ETH/BTC,ask,0.02196,0.0199982
3/17/20 17:01:25,ETH/BTC,ask,0.02196165,37.7
3/17/20 17:01:25,ETH/BTC,ask,0.02196924,4.94993079
3/17/20 17:01:25,ETH/BTC,ask,0.02199288,0.54563113
3/17/20 17:01:25,ETH/BTC,ask,0.021998,0.01251984
3/17/20 17:01:25,ETH/BTC,ask,0.02201782,0.17
3/17/20 17:01:25,ETH/BTC,ask,0.02202912,1.13550823
3/17/20 17:01:25,ETH/BTC,ask,0.02204899,0.4
3/17/20 17:01:25,ETH/BTC,ask,0.02205152,0.00623928
3/17/20 17:01:25,ETH/BTC,ask,0.02205403,508.55
3/17/20 17:01:25,ETH/BTC,ask,0.0220972,0.01263333
3/17/20 17:01:25,ETH/BTC,ask,0.02210103,0.00019101
3/17/20 17:01:25,ETH/BTC,ask,0.02210226,0.086064
3/17/20 17:01:25,ETH/BTC,ask,0.02210654,29.79106636
3/17/20 17:01:25,ETH/BTC,ask,0.02210655,6.90840309
3/17/20 17:01:25,ETH/BTC,ask,0.02210752,1.24905905
3/17/20 17:01:25,ETH/BTC,ask,0.0221428,0.01274004
3/17/20 17:01:25,ETH/BTC,ask,0.02215,0.0697053
3/17/20 17:01:25,ETH/BTC,ask,0.0221597,0.4
3/17/20 17:01:25,ETH/BTC,ask,0.02216178,0.00620832
3/17/20 17:01:25,ETH/BTC,ask,0.02218591,1.37396496
3/17/20 17:01:25,ETH/BTC,ask,0.0221898,0.01286127
3/17/20 17:01:25,ETH/BTC,ask,0.02222318,0.0092
3/17/20 17:01:25,ETH/BTC,ask,0.02222991,0.5
3/17/20 17:01:25,ETH/BTC,ask,0.02223142,0.086064
3/17/20 17:01:25,ETH/BTC,ask,0.022234,0.19992
3/17/20 17:01:25,ETH/BTC,ask,0.02224422,0.05
3/17/20 17:01:25,ETH/BTC,ask,0.02225,0.05746774
3/17/20 17:01:25,ETH/BTC,ask,0.02226116,0.12491728
3/17/20 17:01:25,ETH/BTC,ask,0.02226117,0.05
3/17/20 17:01:25,ETH/BTC,ask,0.02226156,0.68965079
3/17/20 17:01:25,ETH/BTC,ask,0.02226177,0.05
3/17/20 17:01:25,ETH/BTC,ask,0.02226431,1.51136146
3/17/20 17:01:25,ETH/BTC,ask,0.02227,1
3/17/20 17:01:25,ETH/BTC,ask,0.02227042,0.4
3/17/20 17:01:25,DOGE/BTC,bid,0.0000003,29468687.92
3/17/20 17:01:25,DOGE/BTC,bid,0.00000029,29354859.32
3/17/20 17:01:25,DOGE/BTC,bid,0.00000028,33183658.84
3/17/20 17:01:25,DOGE/BTC,bid,0.00000027,70492155.16
3/17/20 17:01:25,DOGE/BTC,bid,0.00000026,47973630.8
3/17/20 17:01:25,DOGE/BTC,bid,0.00000025,54375270.3
3/17/20 17:01:25,DOGE/BTC,bid,0.00000024,43578159.04
3/17/20 17:01:25,DOGE/BTC,bid,0.00000023,55039906.02
3/17/20 17:01:25,DOGE/BTC,bid,0.00000022,35101189.03
3/17/20 17:01:25,DOGE/BTC,bid,0.00000021,17487929.46
3/17/20 17:01:25,DOGE/BTC,bid,0.0000002,23948681.09
3/17/20 17:01:25,DOGE/BTC,bid,0.00000019,9908337.092
3/17/20 17:01:25,DOGE/BTC,bid,0.00000018,17140674.94
3/17/20 17:01:25,DOGE/BTC,bid,0.00000017,10816395.01
3/17/20 17:01:25,DOGE/BTC,bid,0.00000016,18698273.51
3/17/20 17:01:25,DOGE/BTC,bid,0.00000015,16277969.48
3/17/20 17:01:25,DOGE/BTC,bid,0.00000014,102751129.1
3/17/20 17:01:25,DOGE/BTC,bid,0.00000013,31727762.77
3/17/20 17:01:25,DOGE/BTC,bid,0.00000012,19995159.83
3/17/20 17:01:25,DOGE/BTC,bid,0.00000011,28995182.73
3/17/20 17:01:25,DOGE/BTC,bid,0.0000001,23774671.46
3/17/20 17:01:25,DOGE/BTC,bid,0.00000009,12981604.44
3/17/20 17:01:25,DOGE/BTC,bid,0.00000008,17423077.38
3/17/20 17:01:25,DOGE/BTC,bid,0.00000007,15265749.14
3/17/20 17:01:25,DOGE/BTC,bid,0.00000006,17737965.33
3/17/20 17:01:25,DOGE/BTC,bid,0.00000005,1334531.94
3/17/20 17:01:25,DOGE/BTC,bid,0.00000004,316250
3/17/20 17:01:25,DOGE/BTC,bid,0.00000003,37081819
3/17/20 17:01:25,DOGE/BTC,bid,0.00000002,148187044.4
3/17/20 17:01:25,DOGE/BTC,bid,0.00000001,31940498
3/17/20 17:01:25,DOGE/BTC,ask,0.00000031,11901419.53
3/17/20 17:01:25,DOGE/BTC,ask,0.00000032,41260944.22
3/17/20 17:01:25,DOGE/BTC,ask,0.00000033,23594827.9
3/17/20 17:01:25,DOGE/BTC,ask,0.00000034,21803662.67
3/17/20 17:01:25,DOGE/BTC,ask,0.00000035,18263184.26
3/17/20 17:01:25,DOGE/BTC,ask,0.00000036,5679965.568
3/17/20 17:01:25,DOGE/BTC,ask,0.00000037,13314388.74
3/17/20 17:01:25,DOGE/BTC,ask,0.00000038,7712660.475
3/17/20 17:01:25,DOGE/BTC,ask,0.00000039,20443826.38
3/17/20 17:01:25,DOGE/BTC,ask,0.0000004,18956753.4
3/17/20 17:01:25,DOGE/BTC,ask,0.00000041,4835576.607
3/17/20 17:01:25,DOGE/BTC,ask,0.00000042,5952282.441
3/17/20 17:01:25,DOGE/BTC,ask,0.00000043,3501920.432
3/17/20 17:01:25,DOGE/BTC,ask,0.00000044,14582197.4
3/17/20 17:01:25,DOGE/BTC,ask,0.00000045,4614626.46
3/17/20 17:01:25,DOGE/BTC,ask,0.00000046,2880183.059
3/17/20 17:01:25,DOGE/BTC,ask,0.00000047,10796386.7
3/17/20 17:01:25,DOGE/BTC,ask,0.00000048,10993658.99
3/17/20 17:01:25,DOGE/BTC,ask,0.00000049,11470242.69
3/17/20 17:01:25,DOGE/BTC,ask,0.0000005,9822169.521
3/17/20 17:01:25,DOGE/BTC,ask,0.00000051,6596323.581
3/17/20 17:01:25,DOGE/BTC,ask,0.00000052,4513618.074
3/17/20 17:01:25,DOGE/BTC,ask,0.00000053,9635813.612
3/17/20 17:01:25,DOGE/BTC,ask,0.00000054,7066622.925
3/17/20 17:01:25,DOGE/BTC,ask,0.00000055,7494963.956
3/17/20 17:01:25,DOGE/BTC,ask,0.00000056,23053312.76
3/17/20 17:01:25,DOGE/BTC,ask,0.00000057,5490128.617
3/17/20 17:01:25,DOGE/BTC,ask,0.00000058,22647865.09
3/17/20 17:01:25,DOGE/BTC,ask,0.00000059,6597647.838
3/17/20 17:01:25,DOGE/BTC,ask,0.0000006,27239374.62
3/17/20 17:01:25,DOGE/BTC,ask,0.00000061,1768636.834
3/17/20 17:01:25,DOGE/BTC,ask,0.00000062,24668402.37
3/17/20 17:01:25,DOGE/BTC,ask,0.00000063,8128739.155
3/17/20 17:01:25,DOGE/BTC,ask,0.00000064,24019776.38
3/17/20 17:01:25,DOGE/BTC,ask,0.00000065,4968243.757
3/17/20 17:01:25,DOGE/BTC,ask,0.00000066,27514366.54
3/17/20 17:01:25,DOGE/BTC,ask,0.00000067,4397588.341
3/17/20 17:01:25,DOGE/BTC,ask,0.00000068,2235573.188
3/17/20 17:01:25,DOGE/BTC,ask,0.00000069,5909908.29
3/17/20 17:01:25,DOGE/BTC,ask,0.0000007,34897322.78
3/17/20 17:01:25,DOGE/BTC,ask,0.00000071,2764354.163
3/17/20 17:01:25,DOGE/BTC,ask,0.00000072,1845992.079
3/17/20 17:01:25,DOGE/BTC,ask,0.00000073,7369552.12
3/17/20 17:01:25,DOGE/BTC,ask,0.00000074,5257917.544
3/17/20 17:01:25,DOGE/BTC,ask,0.00000075,33854092.47
3/17/20 17:01:25,DOGE/BTC,ask,0.00000076,3010444.329
3/17/20 17:01:25,DOGE/BTC,ask,0.00000077,1924792.465
3/17/20 17:01:25,DOGE/BTC,ask,0.00000078,16607624.91
3/17/20 17:01:25,DOGE/BTC,ask,0.00000079,7917339.502
3/17/20 17:01:25,DOGE/BTC,ask,0.0000008,49152265.03
3/17/20 17:01:25,BTC/USDT,bid,5348.850249,2.46021
3/17/20 17:01:25,BTC/USDT,bid,5348.750422,0.49825485
3/17/20 17:01:25,BTC/USDT,bid,5348.750332,0.2053277
3/17/20 17:01:25,BTC/USDT,bid,5348.750332,0.49825485
3/17/20 17:01:25,BTC/USDT,bid,5348.750273,0.13939
3/17/20 17:01:25,BTC/USDT,bid,5348.750263,6.41737629
3/17/20 17:01:25,BTC/USDT,bid,5348.750083,0.1
3/17/20 17:01:25,BTC/USDT,bid,5348.72761,0.0102458
3/17/20 17:01:25,BTC/USDT,bid,5347.096803,0.11
3/17/20 17:01:25,BTC/USDT,bid,5344.645315,0.01
3/17/20 17:01:25,BTC/USDT,bid,5342.207739,0.00189091
3/17/20 17:01:25,BTC/USDT,bid,5340.680444,0.04491628
3/17/20 17:01:25,BTC/USDT,bid,5338,0.00187337
3/17/20 17:01:25,BTC/USDT,bid,5337.044985,0.0579
3/17/20 17:01:25,BTC/USDT,bid,5336.242941,0.00872662
3/17/20 17:01:25,BTC/USDT,bid,5331.351887,0.4284
3/17/20 17:01:25,BTC/USDT,bid,5331.070006,0.0694
3/17/20 17:01:25,BTC/USDT,bid,5328.116231,1.3907
3/17/20 17:01:25,BTC/USDT,bid,5327.516873,0.0438737
3/17/20 17:01:25,BTC/USDT,bid,5327.462907,0.00024266
3/17/20 17:01:25,BTC/USDT,bid,5323.83418,0.001
3/17/20 17:01:25,BTC/USDT,bid,5323.25277,1.97008162
3/17/20 17:01:25,BTC/USDT,bid,5321,3.35
,,,,
,,,,
3/17/20 17:01:25,BTC/USDT,bid,5319.450228,0.00020075
,,,,
,,,,
3/17/20 17:01:25,BTC/USDT,bid,5315.647749,0.00027634
3/17/20 17:01:25,BTC/USDT,bid,5315.223206,0.0064523
3/17/20 17:01:25,BTC/USDT,bid,5314.154437,0.000268
3/17/20 17:01:25,BTC/USDT,bid,5309.567052,0.00020075
3/17/20 17:01:25,BTC/USDT,bid,5308.704103,0.00161787
3/17/20 17:01:25,BTC/USDT,bid,5307,0.00018862
3/17/20 17:01:25,BTC/USDT,bid,5306.829046,0.01884365
3/17/20 17:01:25,BTC/USDT,bid,5305.930565,0.05654051
3/17/20 17:01:25,BTC/USDT,bid,5305.930564,0.00030859
3/17/20 17:01:25,BTC/USDT,bid,5305.2265,0.002
3/17/20 17:01:25,BTC/USDT,bid,5302.212481,0.17485331
3/17/20 17:01:25,BTC/USDT,bid,5302.212481,0.00377201
3/17/20 17:01:25,BTC/USDT,bid,5300.71346,14.1319
3/17/20 17:01:25,BTC/USDT,bid,5300,0.00207548
3/17/20 17:01:25,BTC/USDT,bid,5299.683875,0.00020075
3/17/20 17:01:25,BTC/USDT,bid,5292.41384,0.33259279
3/17/20 17:01:25,BTC/USDT,bid,5292.41384,0.001
3/17/20 17:01:25,BTC/USDT,bid,5290.6,0.001
3/17/20 17:01:25,BTC/USDT,bid,5290.276803,0.00903071
3/17/20 17:01:25,BTC/USDT,bid,5290,1
3/17/20 17:01:25,BTC/USDT,bid,5289.800699,0.00020075
3/17/20 17:01:25,BTC/USDT,bid,5289.327667,0.10245671
3/17/20 17:01:25,BTC/USDT,bid,5286.476549,0.000283
3/17/20 17:01:25,BTC/USDT,bid,5286.299399,0.0008359
3/17/20 17:01:25,BTC/USDT,bid,5285.241995,0.0094603
3/17/20 17:01:25,BTC/USDT,bid,5284.37507,0.0064523
3/17/20 17:01:25,BTC/USDT,ask,5352,0.08
3/17/20 17:01:25,BTC/USDT,ask,5356.30616,0.001
3/17/20 17:01:25,BTC/USDT,ask,5358.586815,0.11
3/17/20 17:01:25,BTC/USDT,ask,5360.544515,0.01
3/17/20 17:01:25,BTC/USDT,ask,5361.511232,6.3
3/17/20 17:01:25,BTC/USDT,ask,5363.652573,0.00993653
3/17/20 17:01:25,BTC/USDT,ask,5369,0.00186254
3/17/20 17:01:25,BTC/USDT,ask,5369.2735,0.002
3/17/20 17:01:25,BTC/USDT,ask,5370.144122,0.00931073
3/17/20 17:01:25,BTC/USDT,ask,5370.253774,0.00024073
3/17/20 17:01:25,BTC/USDT,ask,5373.961289,0.4284
3/17/20 17:01:25,BTC/USDT,ask,5374.10951,1.11554789
3/17/20 17:01:25,BTC/USDT,ask,5375,0.00018605
3/17/20 17:01:25,BTC/USDT,ask,5375.136913,2.36546973
3/17/20 17:01:25,BTC/USDT,ask,5375.280219,1.3906
3/17/20 17:01:25,BTC/USDT,ask,5377.460766,0.0064523
3/17/20 17:01:25,BTC/USDT,ask,5378.24519,0.88506963
3/17/20 17:01:25,BTC/USDT,ask,5381.871878,0.0008
3/17/20 17:01:25,BTC/USDT,ask,5385,0.73293336
3/17/20 17:01:25,BTC/USDT,ask,5385,0.0194056
3/17/20 17:01:25,BTC/USDT,ask,5385.506698,0.00766
3/17/20 17:01:25,BTC/USDT,ask,5387.18544,0.05608265
3/17/20 17:01:25,BTC/USDT,ask,5387.18544,0.01426
3/17/20 17:01:25,BTC/USDT,ask,5388.10582,0.001
3/17/20 17:01:25,BTC/USDT,ask,5390,0.26905092
3/17/20 17:01:25,BTC/USDT,ask,5392.328562,0.00020057
3/17/20 17:01:25,BTC/USDT,ask,5394.380107,0.00027378
3/17/20 17:01:25,BTC/USDT,ask,5395,1.36185087
3/17/20 17:01:25,BTC/USDT,ask,5395.59766,0.0011025
3/17/20 17:01:25,BTC/USDT,ask,5396.428715,14.1318
3/17/20 17:01:25,BTC/USDT,ask,5400,0.14371419
3/17/20 17:01:25,BTC/USDT,ask,5400.331516,0.0384
,,,,
,,,,
3/17/20 17:01:25,BTC/USDT,ask,5405.417669,0.69895055
,,,,
,,,,
3/17/20 17:01:25,BTC/USDT,ask,5405.417669,0.00423615
3/17/20 17:01:25,BTC/USDT,ask,5406.306735,0.01366
3/17/20 17:01:25,BTC/USDT,ask,5406.520422,2.92760636
3/17/20 17:01:25,BTC/USDT,ask,5408.8523,0.0064523
3/17/20 17:01:25,BTC/USDT,ask,5409.927025,0.00762601
3/17/20 17:01:25,BTC/USDT,ask,5411.995972,0.0074
3/17/20 17:01:25,BTC/USDT,ask,5412,0.005425
3/17/20 17:01:25,BTC/USDT,ask,5413.105275,0.00923684
3/17/20 17:01:25,BTC/USDT,ask,5414,0.00018766
3/17/20 17:01:25,BTC/USDT,ask,5418.517248,0.00072134
3/17/20 17:01:25,BTC/USDT,ask,5429.634264,0.0384
3/17/20 17:01:25,BTC/USDT,ask,5430.265434,0.02431211
3/17/20 17:01:25,BTC/USDT,ask,5434.074859,0.01847059
3/17/20 17:01:25,BTC/USDT,ask,5440.427085,0.0064523
3/17/20 17:01:25,BTC/USDT,ask,5452.796181,0.00745308
3/17/20 17:01:25,BTC/USDT,ask,5456.410117,0.00916353
3/17/20 17:01:25,BTC/USDT,ask,5460.123338,0.05
3/17/20 17:01:25,ETH/USDT,bid,117.0563432,11.15190083
3/17/20 17:01:25,ETH/USDT,bid,116.9833049,0.39802371
3/17/20 17:01:25,ETH/USDT,bid,116.9833049,18
3/17/20 17:01:25,ETH/USDT,bid,116.9136737,6
3/17/20 17:01:25,ETH/USDT,bid,116.9133231,0.39
3/17/20 17:01:25,ETH/USDT,bid,116.8673532,5.47629
3/17/20 17:01:25,ETH/USDT,bid,116.8083787,2.30874594
3/17/20 17:01:25,ETH/USDT,bid,116.8074564,0.05
3/17/20 17:01:25,ETH/USDT,bid,116.7013776,4.24497827
3/17/20 17:01:25,ETH/USDT,bid,116.6949153,0.659511
3/17/20 17:01:25,ETH/USDT,bid,116.6204908,0.00910475
3/17/20 17:01:25,ETH/USDT,bid,116.395236,90.10027234
3/17/20 17:01:25,ETH/USDT,bid,116.3090524,14.56
3/17/20 17:01:25,ETH/USDT,bid,116.27,3.41093589
3/17/20 17:01:25,ETH/USDT,bid,116.2693539,0.00913224
3/17/20 17:01:25,ETH/USDT,bid,116.2494316,7.97517367
3/17/20 17:01:25,ETH/USDT,bid,116.2494316,2.58065778
3/17/20 17:01:25,ETH/USDT,bid,116.2494316,0.05633954
3/17/20 17:01:25,ETH/USDT,bid,116.0984838,49.01
3/17/20 17:01:25,ETH/USDT,bid,116.0169492,0.659511
3/17/20 17:01:25,ETH/USDT,bid,116,0.08620689
3/17/20 17:01:25,ETH/USDT,bid,115.9469432,0.01263333
3/17/20 17:01:25,ETH/USDT,bid,115.9028272,15.17929567
3/17/20 17:01:25,ETH/USDT,bid,115.9028272,0.25883751
3/17/20 17:01:25,ETH/USDT,bid,115.815915,0.02426799
3/17/20 17:01:25,ETH/USDT,bid,115.4234714,512.64
3/17/20 17:01:25,ETH/USDT,bid,115.3389831,0.659511
3/17/20 17:01:25,ETH/USDT,bid,115.2437536,252.76
3/17/20 17:01:25,ETH/USDT,bid,115,1.87168482
3/17/20 17:01:25,ETH/USDT,bid,114.9829635,0.26090821
3/17/20 17:01:25,ETH/USDT,bid,114.7,0.00872711
3/17/20 17:01:25,ETH/USDT,bid,114.6610169,0.659511
3/17/20 17:01:25,ETH/USDT,bid,114.3,0.1
3/17/20 17:01:25,ETH/USDT,bid,114.130002,0.9476005
3/17/20 17:01:25,ETH/USDT,bid,114.0704003,0.26299548
3/17/20 17:01:25,ETH/USDT,bid,114,13.59210526
3/17/20 17:01:25,ETH/USDT,bid,113.9830508,0.659511
3/17/20 17:01:25,ETH/USDT,bid,113.9554521,0.02426799
3/17/20 17:01:25,ETH/USDT,bid,113.7927595,0.01286127
3/17/20 17:01:25,ETH/USDT,bid,113.5,27.7506608
3/17/20 17:01:25,ETH/USDT,bid,113.4923569,245.39
3/17/20 17:01:25,ETH/USDT,bid,113.4464861,0.45684192
3/17/20 17:01:25,ETH/USDT,bid,113.3050847,0.659511
3/17/20 17:01:25,ETH/USDT,bid,113.3,0.1
3/17/20 17:01:25,ETH/USDT,bid,113.2440235,276.6838495
3/17/20 17:01:25,ETH/USDT,bid,113.2013898,101
3/17/20 17:01:25,ETH/USDT,bid,113.2007045,7.06640297
3/17/20 17:01:25,ETH/USDT,bid,113.1650796,0.26509944
3/17/20 17:01:25,ETH/USDT,bid,113.0732829,10.05952399
3/17/20 17:01:25,ETH/USDT,bid,113,1.93010784
3/17/20 17:01:25,ETH/USDT,ask,117.3292437,53.57835969
3/17/20 17:01:25,ETH/USDT,ask,117.3292437,130
3/17/20 17:01:25,ETH/USDT,ask,117.4399999,64.35475303
3/17/20 17:01:25,ETH/USDT,ask,117.44,1.37106526
3/17/20 17:01:25,ETH/USDT,ask,117.4885672,0.00903748
3/17/20 17:01:25,ETH/USDT,ask,117.5058455,138.8342683
3/17/20 17:01:25,ETH/USDT,ask,117.65,14.55
3/17/20 17:01:25,ETH/USDT,ask,117.7318109,0.2
3/17/20 17:01:25,ETH/USDT,ask,117.7368325,0.12957599
3/17/20 17:01:25,ETH/USDT,ask,117.7646902,0.25474528
3/17/20 17:01:25,ETH/USDT,ask,117.8397041,0.00901055
3/17/20 17:01:25,ETH/USDT,ask,118,0.5
3/17/20 17:01:25,ETH/USDT,ask,118.0508474,512.63
3/17/20 17:01:25,ETH/USDT,ask,118.0508475,0.64151446
3/17/20 17:01:25,ETH/USDT,ask,118.6426723,29.7329471
3/17/20 17:01:25,ETH/USDT,ask,118.6426726,0.01248192
3/17/20 17:01:25,ETH/USDT,ask,118.7068077,0.2527235
3/17/20 17:01:25,ETH/USDT,ask,118.7288136,0.659511
3/17/20 17:01:25,ETH/USDT,ask,119,20
3/17/20 17:01:25,ETH/USDT,ask,119.393462,0.08466948
3/17/20 17:01:25,ETH/USDT,ask,119.4067797,0.659511
3/17/20 17:01:25,ETH/USDT,ask,119.6284598,0.02426799
3/17/20 17:01:25,ETH/USDT,ask,119.638261,0.01671707
3/17/20 17:01:25,ETH/USDT,ask,119.6564622,0.25071775
3/17/20 17:01:25,ETH/USDT,ask,119.7041775,0.05
3/17/20 17:01:25,ETH/USDT,ask,119.889,1.34108256
3/17/20 17:01:25,ETH/USDT,ask,119.9,0.10847385
3/17/20 17:01:25,ETH/USDT,ask,120,95.98132134
3/17/20 17:01:25,ETH/USDT,ask,120.0847458,0.659511
3/17/20 17:01:25,ETH/USDT,ask,120.2,0.1
3/17/20 17:01:25,ETH/USDT,ask,120.2623132,0.25
3/17/20 17:01:25,ETH/USDT,ask,120.5,0.59955
3/17/20 17:01:25,ETH/USDT,ask,120.5855444,0.01658574
3/17/20 17:01:25,ETH/USDT,ask,120.6137139,0.24872793
3/17/20 17:01:25,ETH/USDT,ask,120.638261,0.01671707
3/17/20 17:01:25,ETH/USDT,ask,120.6461675,0.01228126
3/17/20 17:01:25,ETH/USDT,ask,120.68,2
3/17/20 17:01:25,ETH/USDT,ask,120.7627119,0.659511
3/17/20 17:01:25,ETH/USDT,ask,120.8390505,38.82819684
3/17/20 17:01:25,ETH/USDT,ask,120.8455569,0.12130248
3/17/20 17:01:25,ETH/USDT,ask,120.8855444,0.01658574
3/17/20 17:01:25,ETH/USDT,ask,120.9,0.1
3/17/20 17:01:25,ETH/USDT,ask,120.9347855,0.13778321
3/17/20 17:01:25,ETH/USDT,ask,120.938261,0.01671707
3/17/20 17:01:25,ETH/USDT,ask,120.9392567,0.01225042
3/17/20 17:01:25,ETH/USDT,ask,120.99,0.03330281
3/17/20 17:01:25,ETH/USDT,ask,121,0.0218097
3/17/20 17:01:25,ETH/USDT,ask,121.0163716,100.99
3/17/20 17:01:25,ETH/USDT,ask,121.0993293,0.01651537
3/17/20 17:01:25,ETH/USDT,ask,121.41708,0.08325833
3/17/20 17:01:25,DOGE/USDT,bid,0.00163399,24434.15228
3/17/20 17:01:25,DOGE/USDT,bid,0.00163378,391729.6086
3/17/20 17:01:25,DOGE/USDT,bid,0.00163348,10595.39543
3/17/20 17:01:25,DOGE/USDT,bid,0.00163333,657.5696301
3/17/20 17:01:25,DOGE/USDT,bid,0.00161701,858476
3/17/20 17:01:25,DOGE/USDT,bid,0.001617,619.0476252
3/17/20 17:01:25,DOGE/USDT,bid,0.00161296,399936
3/17/20 17:01:25,DOGE/USDT,bid,0.0016,1320.512756
3/17/20 17:01:25,DOGE/USDT,bid,0.00159663,407335
3/17/20 17:01:25,DOGE/USDT,bid,0.00158102,157647
3/17/20 17:01:25,DOGE/USDT,bid,0.001581,633.1435863
3/17/20 17:01:25,DOGE/USDT,bid,0.00154985,159055
3/17/20 17:01:25,DOGE/USDT,bid,0.00154639,1940.002199
3/17/20 17:01:25,DOGE/USDT,bid,0.00154602,81437
3/17/20 17:01:25,DOGE/USDT,bid,0.001546,647.4773674
3/17/20 17:01:25,DOGE/USDT,bid,0.001512,4630.291012
3/17/20 17:01:25,DOGE/USDT,bid,0.00147901,7413.211621
3/17/20 17:01:25,DOGE/USDT,bid,0.001479,676.8086613
3/17/20 17:01:25,DOGE/USDT,bid,0.00147501,50050
3/17/20 17:01:25,DOGE/USDT,bid,0.00145374,1972.551
3/17/20 17:01:25,DOGE/USDT,bid,0.00145001,50050
3/17/20 17:01:25,DOGE/USDT,bid,0.00144601,7607.139646
3/17/20 17:01:25,DOGE/USDT,bid,0.001446,692.2545021
3/17/20 17:01:25,DOGE/USDT,bid,0.00141502,212011.1377
3/17/20 17:01:25,DOGE/USDT,bid,0.00141501,655196.3633
3/17/20 17:01:25,DOGE/USDT,bid,0.001415,707.4205018
3/17/20 17:01:25,DOGE/USDT,bid,0.00140001,45045
3/17/20 17:01:25,DOGE/USDT,bid,0.0014,1434.286429
3/17/20 17:01:25,DOGE/USDT,bid,0.001384,723.2659032
3/17/20 17:01:25,DOGE/USDT,bid,0.00137857,6065
3/17/20 17:01:25,DOGE/USDT,bid,0.001333,500000
3/17/20 17:01:25,DOGE/USDT,bid,0.001331,751314.8009
3/17/20 17:01:25,DOGE/USDT,bid,0.0013,90584.73618
3/17/20 17:01:25,DOGE/USDT,bid,0.0012736,888
3/17/20 17:01:25,DOGE/USDT,bid,0.00126388,5209.68879
3/17/20 17:01:25,DOGE/USDT,bid,0.0012,274556.4891
3/17/20 17:01:25,DOGE/USDT,bid,0.0011,25909.09182
3/17/20 17:01:25,DOGE/USDT,bid,0.00108,501137.4653
3/17/20 17:01:25,DOGE/USDT,bid,0.001001,1001
3/17/20 17:01:25,DOGE/USDT,bid,0.001,210000
3/17/20 17:01:25,DOGE/USDT,bid,0.00099999,10000
3/17/20 17:01:25,DOGE/USDT,bid,0.00090001,28254.54597
3/17/20 17:01:25,DOGE/USDT,bid,0.0009,34382.18556
3/17/20 17:01:25,DOGE/USDT,bid,0.00088888,433129.3313
3/17/20 17:01:25,DOGE/USDT,bid,0.00080618,1252.82195
3/17/20 17:01:25,DOGE/USDT,bid,0.000501,2001
3/17/20 17:01:25,DOGE/USDT,bid,0.00028,7142.857143
3/17/20 17:01:25,DOGE/USDT,bid,0.00010287,39786.51444
3/17/20 17:01:25,DOGE/USDT,bid,0.000101,100000
3/17/20 17:01:25,DOGE/USDT,bid,0.0001,100000
3/17/20 17:01:25,DOGE/USDT,ask,0.00165524,13091.96179
3/17/20 17:01:25,DOGE/USDT,ask,0.00165525,386648.5425
3/17/20 17:01:25,DOGE/USDT,ask,0.00166,8000
3/17/20 17:01:25,DOGE/USDT,ask,0.00167,8000
3/17/20 17:01:25,DOGE/USDT,ask,0.00168,8056
3/17/20 17:01:25,DOGE/USDT,ask,0.00168913,100607.2991
3/17/20 17:01:25,DOGE/USDT,ask,0.00169,8601.192314
3/17/20 17:01:25,DOGE/USDT,ask,0.00169998,8000
3/17/20 17:01:25,DOGE/USDT,ask,0.00169999,50000
3/17/20 17:01:25,DOGE/USDT,ask,0.0017,630
3/17/20 17:01:25,DOGE/USDT,ask,0.001728,587.9716494
3/17/20 17:01:25,DOGE/USDT,ask,0.00173333,46711.33627
3/17/20 17:01:25,DOGE/USDT,ask,0.00174999,50000
3/17/20 17:01:25,DOGE/USDT,ask,0.00176666,625
3/17/20 17:01:25,DOGE/USDT,ask,0.001767,574.9943464
3/17/20 17:01:25,DOGE/USDT,ask,0.00178195,566.793853
3/17/20 17:01:25,DOGE/USDT,ask,0.001799,561.4213994
3/17/20 17:01:25,DOGE/USDT,ask,0.00179999,50000
3/17/20 17:01:25,DOGE/USDT,ask,0.001807,562.2661927
3/17/20 17:01:25,DOGE/USDT,ask,0.00182458,553.5510059
3/17/20 17:01:25,DOGE/USDT,ask,0.00183333,610
3/17/20 17:01:25,DOGE/USDT,ask,0.00184521,10000
3/17/20 17:01:25,DOGE/USDT,ask,0.001848,549.7916722
3/17/20 17:01:25,DOGE/USDT,ask,0.00185,51401.81537
3/17/20 17:01:25,DOGE/USDT,ask,0.001855,1617.250674
3/17/20 17:01:25,DOGE/USDT,ask,0.00186,10000
3/17/20 17:01:25,DOGE/USDT,ask,0.00186375,3842.088
3/17/20 17:01:25,DOGE/USDT,ask,0.00186666,605
3/17/20 17:01:25,DOGE/USDT,ask,0.00187211,12891.08358
3/17/20 17:01:25,DOGE/USDT,ask,0.001889,537.8586608
3/17/20 17:01:25,DOGE/USDT,ask,0.00189515,659.505
3/17/20 17:01:25,DOGE/USDT,ask,0.0019,600
3/17/20 17:01:25,DOGE/USDT,ask,0.00192,734.0887253
3/17/20 17:01:25,DOGE/USDT,ask,0.00193,40572.52874
3/17/20 17:01:25,DOGE/USDT,ask,0.001932,1525.887686
3/17/20 17:01:25,DOGE/USDT,ask,0.00195,4131.884597
3/17/20 17:01:25,DOGE/USDT,ask,0.00195967,11427.61438
3/17/20 17:01:25,DOGE/USDT,ask,0.0019692,1234.62435
3/17/20 17:01:25,DOGE/USDT,ask,0.00197106,734.0887253
3/17/20 17:01:25,DOGE/USDT,ask,0.001974,19982
3/17/20 17:01:25,DOGE/USDT,ask,0.001975,514.4379798
3/17/20 17:01:25,DOGE/USDT,ask,0.00199,50540.80152
3/17/20 17:01:25,DOGE/USDT,ask,0.002,4206.668904
3/17/20 17:01:25,DOGE/USDT,ask,0.00200996,687
3/17/20 17:01:25,DOGE/USDT,ask,0.00201,3502
3/17/20 17:01:25,DOGE/USDT,ask,0.00202,1003.977728
3/17/20 17:01:25,DOGE/USDT,ask,0.002025,505
3/17/20 17:01:25,DOGE/USDT,ask,0.00203,500
3/17/20 17:01:25,DOGE/USDT,ask,0.00203333,500
3/17/20 17:01:25,DOGE/USDT,ask,0.00204,500
3/17/20 17:01:30,ETH/BTC,bid,0.02188301,7.44227001
3/17/20 17:01:30,ETH/BTC,bid,0.02187308,9.14011795
3/17/20 17:01:30,ETH/BTC,bid,0.02187307,3.467434
3/17/20 17:01:30,ETH/BTC,bid,0.021873,1
3/17/20 17:01:30,ETH/BTC,bid,0.02187163,0.03322569
3/17/20 17:01:30,ETH/BTC,bid,0.02187008,0.21
3/17/20 17:01:30,ETH/BTC,bid,0.02186299,0.1
3/17/20 17:01:30,ETH/BTC,bid,0.02186251,0.0091
3/17/20 17:01:30,ETH/BTC,bid,0.02186054,4.56324046
3/17/20 17:01:30,ETH/BTC,bid,0.02186053,0.58
3/17/20 17:01:30,ETH/BTC,bid,0.02186052,0.05
3/17/20 17:01:30,ETH/BTC,bid,0.02185561,9.14455526
3/17/20 17:01:30,ETH/BTC,bid,0.0218499,130
3/17/20 17:01:30,ETH/BTC,bid,0.02184363,4.52654436
3/17/20 17:01:30,ETH/BTC,bid,0.0218381,4.88980558
3/17/20 17:01:30,ETH/BTC,bid,0.02183807,47
3/17/20 17:01:30,ETH/BTC,bid,0.02183264,0.00630238
3/17/20 17:01:30,ETH/BTC,bid,0.0218247,0.01248192
3/17/20 17:01:30,ETH/BTC,bid,0.0218238,41.5
3/17/20 17:01:30,ETH/BTC,bid,0.02180845,50
3/17/20 17:01:30,ETH/BTC,bid,0.0218,32.74659999
3/17/20 17:01:30,ETH/BTC,bid,0.02179639,0.40030023
3/17/20 17:01:30,ETH/BTC,bid,0.0217942,0.81461421
3/17/20 17:01:30,ETH/BTC,bid,0.02179148,49
3/17/20 17:01:30,ETH/BTC,bid,0.02178009,0.73972375
3/17/20 17:01:30,ETH/BTC,bid,0.02177774,48
3/17/20 17:01:30,ETH/BTC,bid,0.0217631,0.01368442
3/17/20 17:01:30,ETH/BTC,bid,0.021763,0.57907871
3/17/20 17:01:30,ETH/BTC,bid,0.02176045,49
3/17/20 17:01:30,ETH/BTC,bid,0.02175882,40.67636181
3/17/20 17:01:30,ETH/BTC,bid,0.02175498,0.1331879
3/17/20 17:01:30,ETH/BTC,bid,0.02175209,0.55167113
3/17/20 17:01:30,ETH/BTC,bid,0.0217499,0.04644343
3/17/20 17:01:30,ETH/BTC,bid,0.02173852,14.73
3/17/20 17:01:30,ETH/BTC,bid,0.02173707,0.09825887
3/17/20 17:01:30,ETH/BTC,bid,0.02173628,0.03355265
3/17/20 17:01:30,ETH/BTC,bid,0.02172401,0.00633334
3/17/20 17:01:30,ETH/BTC,bid,0.02171691,0.02869842
3/17/20 17:01:30,ETH/BTC,bid,0.02171256,50.96
3/17/20 17:01:30,ETH/BTC,bid,0.02170739,1.033055
3/17/20 17:01:30,ETH/BTC,bid,0.02170001,2.58533184
3/17/20 17:01:30,ETH/BTC,bid,0.0217,11.58032904
3/17/20 17:01:30,ETH/BTC,bid,0.02168639,0.40030022
3/17/20 17:01:30,ETH/BTC,bid,0.02167075,0.1777869
3/17/20 17:01:30,ETH/BTC,bid,0.02164915,65.82811107
3/17/20 17:01:30,ETH/BTC,bid,0.02164903,0.01766217
3/17/20 17:01:30,ETH/BTC,bid,0.02164226,0.14046593
3/17/20 17:01:30,ETH/BTC,bid,0.02161593,0.00636546
3/17/20 17:01:30,ETH/BTC,bid,0.02160336,508.56
3/17/20 17:01:30,ETH/BTC,bid,0.02160332,132.1430936
3/17/20 17:01:30,ETH/BTC,ask,0.02189091,9.80492203
3/17/20 17:01:30,ETH/BTC,ask,0.02189092,3.432374
3/17/20 17:01:30,ETH/BTC,ask,0.02189094,9.14030279
3/17/20 17:01:30,ETH/BTC,ask,0.02189096,6.85752424
3/17/20 17:01:30,ETH/BTC,ask,0.02189398,1.80164038
3/17/20 17:01:30,ETH/BTC,ask,0.02189399,9.14068583
3/17/20 17:01:30,ETH/BTC,ask,0.021897,169.2644
3/17/20 17:01:30,ETH/BTC,ask,0.02189836,130
3/17/20 17:01:30,ETH/BTC,ask,0.0219,0.04
3/17/20 17:01:30,ETH/BTC,ask,0.021901,42.4
3/17/20 17:01:30,ETH/BTC,ask,0.02191749,23.5
3/17/20 17:01:30,ETH/BTC,ask,0.02192039,0.4014997
3/17/20 17:01:30,ETH/BTC,ask,0.02193216,1.37106548
3/17/20 17:01:30,ETH/BTC,ask,0.02193217,36.8
3/17/20 17:01:30,ETH/BTC,ask,0.02194667,50.95
3/17/20 17:01:30,ETH/BTC,ask,0.02195467,0.2
3/17/20 17:01:30,ETH/BTC,ask,0.02195887,14.73
3/17/20 17:01:30,ETH/BTC,ask,0.02196,0.0199982
3/17/20 17:01:30,ETH/BTC,ask,0.02196165,37.7
3/17/20 17:01:30,ETH/BTC,ask,0.02197627,25.4
3/17/20 17:01:30,ETH/BTC,ask,0.02198068,4.94993079
3/17/20 17:01:30,ETH/BTC,ask,0.021998,0.01251984
3/17/20 17:01:30,ETH/BTC,ask,0.02201782,0.17
3/17/20 17:01:30,ETH/BTC,ask,0.02202912,1.13550823
3/17/20 17:01:30,ETH/BTC,ask,0.02204899,0.4
3/17/20 17:01:30,ETH/BTC,ask,0.02205152,0.00623928
3/17/20 17:01:30,ETH/BTC,ask,0.02205403,508.55
3/17/20 17:01:30,ETH/BTC,ask,0.0220972,0.01263333
3/17/20 17:01:30,ETH/BTC,ask,0.02210103,0.00019101
3/17/20 17:01:30,ETH/BTC,ask,0.02210226,0.086064
3/17/20 17:01:30,ETH/BTC,ask,0.02210653,29.79741705
3/17/20 17:01:30,ETH/BTC,ask,0.02210655,6.90840309
3/17/20 17:01:30,ETH/BTC,ask,0.02210752,1.24905905
3/17/20 17:01:30,ETH/BTC,ask,0.0221428,0.01274004
3/17/20 17:01:30,ETH/BTC,ask,0.02215,0.0697053
3/17/20 17:01:30,ETH/BTC,ask,0.0221597,0.4
3/17/20 17:01:30,ETH/BTC,ask,0.02216178,0.00620832
3/17/20 17:01:30,ETH/BTC,ask,0.02218591,1.37396496
3/17/20 17:01:30,ETH/BTC,ask,0.0221898,0.01286127
3/17/20 17:01:30,ETH/BTC,ask,0.02222318,0.0092
3/17/20 17:01:30,ETH/BTC,ask,0.02222991,0.5
3/17/20 17:01:30,ETH/BTC,ask,0.02223142,0.086064
3/17/20 17:01:30,ETH/BTC,ask,0.022234,0.19992
3/17/20 17:01:30,ETH/BTC,ask,0.02224422,0.05
3/17/20 17:01:30,ETH/BTC,ask,0.02225,0.05746774
3/17/20 17:01:30,ETH/BTC,ask,0.02226116,0.12491728
3/17/20 17:01:30,ETH/BTC,ask,0.02226117,0.05
3/17/20 17:01:30,ETH/BTC,ask,0.02226156,0.68965079
3/17/20 17:01:30,ETH/BTC,ask,0.02226177,0.05
3/17/20 17:01:30,ETH/BTC,ask,0.02226431,1.51136146
3/17/20 17:01:30,DOGE/BTC,bid,0.0000003,29468687.92
3/17/20 17:01:30,DOGE/BTC,bid,0.00000029,29354859.32
3/17/20 17:01:30,DOGE/BTC,bid,0.00000028,33183658.84
3/17/20 17:01:30,DOGE/BTC,bid,0.00000027,70492155.16
3/17/20 17:01:30,DOGE/BTC,bid,0.00000026,47973630.8
3/17/20 17:01:30,DOGE/BTC,bid,0.00000025,54375270.3
3/17/20 17:01:30,DOGE/BTC,bid,0.00000024,43578159.04
3/17/20 17:01:30,DOGE/BTC,bid,0.00000023,55039906.02
3/17/20 17:01:30,DOGE/BTC,bid,0.00000022,35101189.03
3/17/20 17:01:30,DOGE/BTC,bid,0.00000021,17487929.46
3/17/20 17:01:30,DOGE/BTC,bid,0.0000002,23948681.09
3/17/20 17:01:30,DOGE/BTC,bid,0.00000019,9908337.092
3/17/20 17:01:30,DOGE/BTC,bid,0.00000018,17140674.94
3/17/20 17:01:30,DOGE/BTC,bid,0.00000017,10816395.01
3/17/20 17:01:30,DOGE/BTC,bid,0.00000016,18698273.51
3/17/20 17:01:30,DOGE/BTC,bid,0.00000015,16277969.48
3/17/20 17:01:30,DOGE/BTC,bid,0.00000014,102751129.1
3/17/20 17:01:30,DOGE/BTC,bid,0.00000013,31727762.77
3/17/20 17:01:30,DOGE/BTC,bid,0.00000012,19995159.83
3/17/20 17:01:30,DOGE/BTC,bid,0.00000011,28995182.73
3/17/20 17:01:30,DOGE/BTC,bid,0.0000001,23774671.46
3/17/20 17:01:30,DOGE/BTC,bid,0.00000009,12981604.44
3/17/20 17:01:30,DOGE/BTC,bid,0.00000008,17423077.38
3/17/20 17:01:30,DOGE/BTC,bid,0.00000007,15265749.14
3/17/20 17:01:30,DOGE/BTC,bid,0.00000006,17737965.33
3/17/20 17:01:30,DOGE/BTC,bid,0.00000005,1334531.94
3/17/20 17:01:30,DOGE/BTC,bid,0.00000004,316250
3/17/20 17:01:30,DOGE/BTC,bid,0.00000003,37081819
3/17/20 17:01:30,DOGE/BTC,bid,0.00000002,148187044.4
3/17/20 17:01:30,DOGE/BTC,bid,0.00000001,31940498
3/17/20 17:01:30,DOGE/BTC,ask,0.00000031,11905712.11
3/17/20 17:01:30,DOGE/BTC,ask,0.00000032,41260944.22
3/17/20 17:01:30,DOGE/BTC,ask,0.00000033,23594827.9
3/17/20 17:01:30,DOGE/BTC,ask,0.00000034,21803662.67
3/17/20 17:01:30,DOGE/BTC,ask,0.00000035,18263184.26
3/17/20 17:01:30,DOGE/BTC,ask,0.00000036,5679965.568
3/17/20 17:01:30,DOGE/BTC,ask,0.00000037,13314388.74
3/17/20 17:01:30,DOGE/BTC,ask,0.00000038,7712660.475
3/17/20 17:01:30,DOGE/BTC,ask,0.00000039,20443826.38
3/17/20 17:01:30,DOGE/BTC,ask,0.0000004,18956753.4
3/17/20 17:01:30,DOGE/BTC,ask,0.00000041,4835576.607
3/17/20 17:01:30,DOGE/BTC,ask,0.00000042,5952282.441
3/17/20 17:01:30,DOGE/BTC,ask,0.00000043,3501920.432
3/17/20 17:01:30,DOGE/BTC,ask,0.00000044,14582197.4
3/17/20 17:01:30,DOGE/BTC,ask,0.00000045,4614626.46
3/17/20 17:01:30,DOGE/BTC,ask,0.00000046,2880183.059
3/17/20 17:01:30,DOGE/BTC,ask,0.00000047,10796386.7
3/17/20 17:01:30,DOGE/BTC,ask,0.00000048,10993658.99
3/17/20 17:01:30,DOGE/BTC,ask,0.00000049,11470242.69
3/17/20 17:01:30,DOGE/BTC,ask,0.0000005,9822169.521
3/17/20 17:01:30,DOGE/BTC,ask,0.00000051,6596323.581
3/17/20 17:01:30,DOGE/BTC,ask,0.00000052,4513618.074
3/17/20 17:01:30,DOGE/BTC,ask,0.00000053,9635813.612
3/17/20 17:01:30,DOGE/BTC,ask,0.00000054,7066622.925
3/17/20 17:01:30,DOGE/BTC,ask,0.00000055,7494963.956
3/17/20 17:01:30,DOGE/BTC,ask,0.00000056,23053312.76
3/17/20 17:01:30,DOGE/BTC,ask,0.00000057,5490128.617
3/17/20 17:01:30,DOGE/BTC,ask,0.00000058,22647865.09
3/17/20 17:01:30,DOGE/BTC,ask,0.00000059,6597647.838
3/17/20 17:01:30,DOGE/BTC,ask,0.0000006,27239374.62
3/17/20 17:01:30,DOGE/BTC,ask,0.00000061,1768636.834
3/17/20 17:01:30,DOGE/BTC,ask,0.00000062,24668402.37
3/17/20 17:01:30,DOGE/BTC,ask,0.00000063,8128739.155
3/17/20 17:01:30,DOGE/BTC,ask,0.00000064,24019776.38
3/17/20 17:01:30,DOGE/BTC,ask,0.00000065,4968243.757
3/17/20 17:01:30,DOGE/BTC,ask,0.00000066,27514366.54
3/17/20 17:01:30,DOGE/BTC,ask,0.00000067,4397588.341
3/17/20 17:01:30,DOGE/BTC,ask,0.00000068,2235573.188
3/17/20 17:01:30,DOGE/BTC,ask,0.00000069,5909908.29
3/17/20 17:01:30,DOGE/BTC,ask,0.0000007,34897322.78
3/17/20 17:01:30,DOGE/BTC,ask,0.00000071,2764354.163
3/17/20 17:01:30,DOGE/BTC,ask,0.00000072,1845992.079
3/17/20 17:01:30,DOGE/BTC,ask,0.00000073,7369552.12
3/17/20 17:01:30,DOGE/BTC,ask,0.00000074,5257917.544
3/17/20 17:01:30,DOGE/BTC,ask,0.00000075,33854092.47
3/17/20 17:01:30,DOGE/BTC,ask,0.00000076,3010444.329
3/17/20 17:01:30,DOGE/BTC,ask,0.00000077,1924792.465
3/17/20 17:01:30,DOGE/BTC,ask,0.00000078,16607624.91
3/17/20 17:01:30,DOGE/BTC,ask,0.00000079,7917339.502
3/17/20 17:01:30,DOGE/BTC,ask,0.0000008,49152265.03
3/17/20 17:01:30,BTC/USDT,bid,5356.176277,0.0308162
3/17/20 17:01:30,BTC/USDT,bid,5352.000766,0.4973764
3/17/20 17:01:30,BTC/USDT,bid,5352.000598,0.20520296
3/17/20 17:01:30,BTC/USDT,bid,5352.000556,0.13439
3/17/20 17:01:30,BTC/USDT,bid,5352,0.11
3/17/20 17:01:30,BTC/USDT,bid,5351.624215,0.01
3/17/20 17:01:30,BTC/USDT,bid,5348.960259,0.00709284
3/17/20 17:01:30,BTC/USDT,bid,5348.950259,2.44862
3/17/20 17:01:30,BTC/USDT,bid,5348.860331,0.00872132
3/17/20 17:01:30,BTC/USDT,bid,5348.860249,0.044889
3/17/20 17:01:30,BTC/USDT,bid,5342.371037,0.0579
3/17/20 17:01:30,BTC/USDT,bid,5342.207739,0.00189091
3/17/20 17:01:30,BTC/USDT,bid,5340.850249,0.00735261
3/17/20 17:01:30,BTC/USDT,bid,5338,0.4284
3/17/20 17:01:30,BTC/USDT,bid,5338,0.00187337
3/17/20 17:01:30,BTC/USDT,bid,5335.869939,0.0694
3/17/20 17:01:30,BTC/USDT,bid,5331.496293,1.96703549
3/17/20 17:01:30,BTC/USDT,bid,5328.116231,1.3907
3/17/20 17:01:30,BTC/USDT,bid,5327.516873,0.0438737
3/17/20 17:01:30,BTC/USDT,bid,5327.462907,0.00024266
3/17/20 17:01:30,BTC/USDT,bid,5323.83418,0.001
3/17/20 17:01:30,BTC/USDT,bid,5321,0.05638038
3/17/20 17:01:30,BTC/USDT,bid,5321,3.35
3/17/20 17:01:30,BTC/USDT,bid,5319.450228,0.00020075
3/17/20 17:01:30,BTC/USDT,bid,5315.647749,0.00027634
3/17/20 17:01:30,BTC/USDT,bid,5315.223206,0.0064523
3/17/20 17:01:30,BTC/USDT,bid,5314.154437,0.000268
3/17/20 17:01:30,BTC/USDT,bid,5309.567052,0.00020075
3/17/20 17:01:30,BTC/USDT,bid,5308.704103,0.00161787
3/17/20 17:01:30,BTC/USDT,bid,5307,0.00018862
3/17/20 17:01:30,BTC/USDT,bid,5306.829046,0.01884365
3/17/20 17:01:30,BTC/USDT,bid,5305.930564,0.00030859
3/17/20 17:01:30,BTC/USDT,bid,5305.2265,0.002
3/17/20 17:01:30,BTC/USDT,bid,5302.212481,0.33111233
3/17/20 17:01:30,BTC/USDT,bid,5302.212481,0.00377201
3/17/20 17:01:30,BTC/USDT,bid,5300.71346,14.1319
3/17/20 17:01:30,BTC/USDT,bid,5300,0.00207548
3/17/20 17:01:30,BTC/USDT,bid,5299.683875,0.00020075
3/17/20 17:01:30,BTC/USDT,bid,5292.41384,0.33388547
3/17/20 17:01:30,BTC/USDT,bid,5292.41384,0.001
3/17/20 17:01:30,BTC/USDT,bid,5290.6,0.001
3/17/20 17:01:30,BTC/USDT,bid,5290.276803,0.00903071
3/17/20 17:01:30,BTC/USDT,bid,5290,1
3/17/20 17:01:30,BTC/USDT,bid,5289.800699,0.00020075
3/17/20 17:01:30,BTC/USDT,bid,5289.327667,0.10245671
3/17/20 17:01:30,BTC/USDT,bid,5286.476549,0.000283
3/17/20 17:01:30,BTC/USDT,bid,5286.299399,0.0008359
3/17/20 17:01:30,BTC/USDT,bid,5285.241995,0.0094603
3/17/20 17:01:30,BTC/USDT,bid,5284.37507,0.0064523
3/17/20 17:01:30,BTC/USDT,bid,5284.359859,0.0058136
3/17/20 17:01:30,BTC/USDT,ask,5360.952503,0.22890359
3/17/20 17:01:30,BTC/USDT,ask,5361.452482,0.05011091
3/17/20 17:01:30,BTC/USDT,ask,5361.452544,0.05011091
3/17/20 17:01:30,BTC/USDT,ask,5363.065676,0.31
3/17/20 17:01:30,BTC/USDT,ask,5367.172452,6.3
3/17/20 17:01:30,BTC/USDT,ask,5367.786715,0.01
3/17/20 17:01:30,BTC/USDT,ask,5369,0.00186254
3/17/20 17:01:30,BTC/USDT,ask,5369.2735,0.002
3/17/20 17:01:30,BTC/USDT,ask,5370.144122,0.00931073
3/17/20 17:01:30,BTC/USDT,ask,5370.253774,0.00024073
3/17/20 17:01:30,BTC/USDT,ask,5371.882145,0.00993653
3/17/20 17:01:30,BTC/USDT,ask,5374.10951,1.11554789
3/17/20 17:01:30,BTC/USDT,ask,5375,0.00018605
3/17/20 17:01:30,BTC/USDT,ask,5375.136913,2.36546973
3/17/20 17:01:30,BTC/USDT,ask,5377.460766,0.0064523
3/17/20 17:01:30,BTC/USDT,ask,5378.945825,0.4284
3/17/20 17:01:30,BTC/USDT,ask,5381.725926,1.3906
3/17/20 17:01:30,BTC/USDT,ask,5381.871878,0.0008
3/17/20 17:01:30,BTC/USDT,ask,5385,0.73293336
3/17/20 17:01:30,BTC/USDT,ask,5385,0.0194056
3/17/20 17:01:30,BTC/USDT,ask,5385.079169,0.88506963
3/17/20 17:01:30,BTC/USDT,ask,5385.506698,0.00766
3/17/20 17:01:30,BTC/USDT,ask,5387.18544,0.05608265
3/17/20 17:01:30,BTC/USDT,ask,5387.18544,0.01426
3/17/20 17:01:30,BTC/USDT,ask,5388.10582,0.001
3/17/20 17:01:30,BTC/USDT,ask,5390,0.26905092
3/17/20 17:01:30,BTC/USDT,ask,5392.328562,0.00020057
3/17/20 17:01:30,BTC/USDT,ask,5394.380107,0.00027378
3/17/20 17:01:30,BTC/USDT,ask,5395,1.36185087
3/17/20 17:01:30,BTC/USDT,ask,5395.59766,0.0011025
3/17/20 17:01:30,BTC/USDT,ask,5400,0.14371419
3/17/20 17:01:30,BTC/USDT,ask,5400.331516,0.0384
3/17/20 17:01:30,BTC/USDT,ask,5405.417669,0.00423615
3/17/20 17:01:30,BTC/USDT,ask,5406.306735,0.01366
3/17/20 17:01:30,BTC/USDT,ask,5406.520422,2.92760636
3/17/20 17:01:30,BTC/USDT,ask,5408.8523,0.70379074
3/17/20 17:01:30,BTC/USDT,ask,5408.8523,0.0064523
3/17/20 17:01:30,BTC/USDT,ask,5409.927025,0.00762601
3/17/20 17:01:30,BTC/USDT,ask,5411.995972,0.0074
3/17/20 17:01:30,BTC/USDT,ask,5412,0.005425
3/17/20 17:01:30,BTC/USDT,ask,5412.036397,14.1318
3/17/20 17:01:30,BTC/USDT,ask,5413.105275,0.00923684
3/17/20 17:01:30,BTC/USDT,ask,5414,0.00018766
3/17/20 17:01:30,BTC/USDT,ask,5418.517248,0.00072134
3/17/20 17:01:30,BTC/USDT,ask,5429.634264,0.0384
3/17/20 17:01:30,BTC/USDT,ask,5430.265434,0.02431211
3/17/20 17:01:30,BTC/USDT,ask,5434.074859,0.01847059
3/17/20 17:01:30,BTC/USDT,ask,5440.427085,0.0064523
3/17/20 17:01:30,BTC/USDT,ask,5452.796181,0.00745308
3/17/20 17:01:30,BTC/USDT,ask,5456.410117,0.00916353
3/17/20 17:01:30,ETH/USDT,bid,117.0639188,11.08941826
3/17/20 17:01:30,ETH/USDT,bid,117.0639187,5.46709
3/17/20 17:01:30,ETH/USDT,bid,117.0563432,2.8039694
3/17/20 17:01:30,ETH/USDT,bid,116.91819,0.2
3/17/20 17:01:30,ETH/USDT,bid,116.9136738,34.6745378
3/17/20 17:01:30,ETH/USDT,bid,116.9136737,18
3/17/20 17:01:30,ETH/USDT,bid,116.9136737,34.358996
3/17/20 17:01:30,ETH/USDT,bid,116.9136737,6
3/17/20 17:01:30,ETH/USDT,bid,116.8083787,2.30874594
3/17/20 17:01:30,ETH/USDT,bid,116.8074564,0.05
3/17/20 17:01:30,ETH/USDT,bid,116.7013776,4.24497827
3/17/20 17:01:30,ETH/USDT,bid,116.6949153,0.659511
3/17/20 17:01:30,ETH/USDT,bid,116.6204908,0.00910475
3/17/20 17:01:30,ETH/USDT,bid,116.4897005,90.02720773
3/17/20 17:01:30,ETH/USDT,bid,116.3090524,14.56
3/17/20 17:01:30,ETH/USDT,bid,116.27,3.41093589
3/17/20 17:01:30,ETH/USDT,bid,116.2693539,0.00913224
3/17/20 17:01:30,ETH/USDT,bid,116.2494316,7.97517367
3/17/20 17:01:30,ETH/USDT,bid,116.2494316,2.58065778
3/17/20 17:01:30,ETH/USDT,bid,116.2494316,0.05633954
3/17/20 17:01:30,ETH/USDT,bid,116.0984838,49.01
3/17/20 17:01:30,ETH/USDT,bid,116.0169492,15.19731998
3/17/20 17:01:30,ETH/USDT,bid,116.0169492,0.659511
3/17/20 17:01:30,ETH/USDT,bid,116,0.08620689
3/17/20 17:01:30,ETH/USDT,bid,115.9469432,0.01263333
3/17/20 17:01:30,ETH/USDT,bid,115.9028272,0.25883751
3/17/20 17:01:30,ETH/USDT,bid,115.815915,0.02426799
3/17/20 17:01:30,ETH/USDT,bid,115.4234714,512.64
3/17/20 17:01:30,ETH/USDT,bid,115.3389831,0.659511
3/17/20 17:01:30,ETH/USDT,bid,115.2437536,252.76
3/17/20 17:01:30,ETH/USDT,bid,115,1.87168482
3/17/20 17:01:30,ETH/USDT,bid,114.9829635,0.26090821
3/17/20 17:01:30,ETH/USDT,bid,114.7,0.00872711
3/17/20 17:01:30,ETH/USDT,bid,114.6610169,0.659511
3/17/20 17:01:30,ETH/USDT,bid,114.3,0.1
3/17/20 17:01:30,ETH/USDT,bid,114.130002,0.9476005
3/17/20 17:01:30,ETH/USDT,bid,114.0704003,0.26299548
3/17/20 17:01:30,ETH/USDT,bid,114,13.59210526
3/17/20 17:01:30,ETH/USDT,bid,113.9830508,0.659511
3/17/20 17:01:30,ETH/USDT,bid,113.9554521,0.02426799
3/17/20 17:01:30,ETH/USDT,bid,113.7927595,0.01286127
3/17/20 17:01:30,ETH/USDT,bid,113.5,27.7506608
3/17/20 17:01:30,ETH/USDT,bid,113.4923569,245.39
3/17/20 17:01:30,ETH/USDT,bid,113.4464861,0.45684192
3/17/20 17:01:30,ETH/USDT,bid,113.3050847,0.659511
3/17/20 17:01:30,ETH/USDT,bid,113.3,0.1
3/17/20 17:01:30,ETH/USDT,bid,113.2440235,276.6838495
3/17/20 17:01:30,ETH/USDT,bid,113.2013898,101
3/17/20 17:01:30,ETH/USDT,bid,113.2007045,7.06640297
3/17/20 17:01:30,ETH/USDT,bid,113.1650796,0.26509944
3/17/20 17:01:30,ETH/USDT,ask,117.3292437,3.502494
3/17/20 17:01:30,ETH/USDT,ask,117.4132795,130
3/17/20 17:01:30,ETH/USDT,ask,117.4174925,6
3/17/20 17:01:30,ETH/USDT,ask,117.44,40
3/17/20 17:01:30,ETH/USDT,ask,117.4885672,1.37106548
3/17/20 17:01:30,ETH/USDT,ask,117.4885672,0.00903748
3/17/20 17:01:30,ETH/USDT,ask,117.5058455,138.8342683
3/17/20 17:01:30,ETH/USDT,ask,117.7368325,63.56
3/17/20 17:01:30,ETH/USDT,ask,117.7368325,0.12957599
3/17/20 17:01:30,ETH/USDT,ask,117.7646902,0.25474528
3/17/20 17:01:30,ETH/USDT,ask,117.8397041,0.00901055
3/17/20 17:01:30,ETH/USDT,ask,117.9665528,4.94993079
3/17/20 17:01:30,ETH/USDT,ask,118,0.5
3/17/20 17:01:30,ETH/USDT,ask,118.0508475,0.64151446
3/17/20 17:01:30,ETH/USDT,ask,118.6426723,29.73129276
3/17/20 17:01:30,ETH/USDT,ask,118.6426723,512.63
3/17/20 17:01:30,ETH/USDT,ask,118.6426726,0.01248192
3/17/20 17:01:30,ETH/USDT,ask,118.7068077,0.2527235
3/17/20 17:01:30,ETH/USDT,ask,118.7288136,0.659511
3/17/20 17:01:30,ETH/USDT,ask,119,20
3/17/20 17:01:30,ETH/USDT,ask,119.393462,0.08466948
3/17/20 17:01:30,ETH/USDT,ask,119.4067797,0.659511
3/17/20 17:01:30,ETH/USDT,ask,119.6284598,0.02426799
3/17/20 17:01:30,ETH/USDT,ask,119.638261,0.01671707
3/17/20 17:01:30,ETH/USDT,ask,119.6564622,0.25071775
3/17/20 17:01:30,ETH/USDT,ask,119.7041775,0.05
3/17/20 17:01:30,ETH/USDT,ask,119.889,1.34108256
3/17/20 17:01:30,ETH/USDT,ask,119.9,0.10847385
3/17/20 17:01:30,ETH/USDT,ask,120,95.98132134
3/17/20 17:01:30,ETH/USDT,ask,120.0847458,0.659511
3/17/20 17:01:30,ETH/USDT,ask,120.2,0.1
3/17/20 17:01:30,ETH/USDT,ask,120.2623132,0.25
3/17/20 17:01:30,ETH/USDT,ask,120.5,0.59955
3/17/20 17:01:30,ETH/USDT,ask,120.5855444,0.01658574
3/17/20 17:01:30,ETH/USDT,ask,120.6137139,0.24872793
3/17/20 17:01:30,ETH/USDT,ask,120.638261,0.01671707
3/17/20 17:01:30,ETH/USDT,ask,120.6461675,0.01228126
3/17/20 17:01:30,ETH/USDT,ask,120.68,2
3/17/20 17:01:30,ETH/USDT,ask,120.7627119,0.659511
3/17/20 17:01:30,ETH/USDT,ask,120.8390505,38.82819684
3/17/20 17:01:30,ETH/USDT,ask,120.8455569,0.12130248
3/17/20 17:01:30,ETH/USDT,ask,120.8855444,0.01658574
3/17/20 17:01:30,ETH/USDT,ask,120.9,0.1
3/17/20 17:01:30,ETH/USDT,ask,120.9347855,0.13778321
3/17/20 17:01:30,ETH/USDT,ask,120.938261,0.01671707
3/17/20 17:01:30,ETH/USDT,ask,120.9392567,0.01225042
3/17/20 17:01:30,ETH/USDT,ask,120.99,0.03330281
3/17/20 17:01:30,ETH/USDT,ask,121,0.0218097
3/17/20 17:01:30,ETH/USDT,ask,121.0163716,100.99
3/17/20 17:01:30,ETH/USDT,ask,121.0993293,0.01651537
3/17/20 17:01:30,DOGE/USDT,bid,0.00163399,24434.15228
3/17/20 17:01:30,DOGE/USDT,bid,0.00163379,10537.80688
3/17/20 17:01:30,DOGE/USDT,bid,0.00163333,657.5696301
3/17/20 17:01:30,DOGE/USDT,bid,0.00161701,858476
3/17/20 17:01:30,DOGE/USDT,bid,0.001617,619.0476252
3/17/20 17:01:30,DOGE/USDT,bid,0.00161296,399936
3/17/20 17:01:30,DOGE/USDT,bid,0.0016,1320.512756
3/17/20 17:01:30,DOGE/USDT,bid,0.00159663,407335
3/17/20 17:01:30,DOGE/USDT,bid,0.00158102,157647
3/17/20 17:01:30,DOGE/USDT,bid,0.001581,633.1435863
3/17/20 17:01:30,DOGE/USDT,bid,0.00154985,159055
3/17/20 17:01:30,DOGE/USDT,bid,0.00154639,1940.002199
3/17/20 17:01:30,DOGE/USDT,bid,0.00154602,81437
3/17/20 17:01:30,DOGE/USDT,bid,0.001546,647.4773674
3/17/20 17:01:30,DOGE/USDT,bid,0.001512,4630.291012
3/17/20 17:01:30,DOGE/USDT,bid,0.00147901,7413.211621
3/17/20 17:01:30,DOGE/USDT,bid,0.001479,676.8086613
3/17/20 17:01:30,DOGE/USDT,bid,0.00147501,50050
3/17/20 17:01:30,DOGE/USDT,bid,0.00145374,1972.551
3/17/20 17:01:30,DOGE/USDT,bid,0.00145001,50050
3/17/20 17:01:30,DOGE/USDT,bid,0.00144601,7607.139646
3/17/20 17:01:30,DOGE/USDT,bid,0.001446,692.2545021
3/17/20 17:01:30,DOGE/USDT,bid,0.00141502,212011.1377
3/17/20 17:01:30,DOGE/USDT,bid,0.00141501,655196.3633
3/17/20 17:01:30,DOGE/USDT,bid,0.001415,707.4205018
3/17/20 17:01:30,DOGE/USDT,bid,0.00140001,45045
3/17/20 17:01:30,DOGE/USDT,bid,0.0014,1434.286429
3/17/20 17:01:30,DOGE/USDT,bid,0.001384,723.2659032
3/17/20 17:01:30,DOGE/USDT,bid,0.00137857,6065
3/17/20 17:01:30,DOGE/USDT,bid,0.001333,500000
3/17/20 17:01:30,DOGE/USDT,bid,0.001331,751314.8009
3/17/20 17:01:30,DOGE/USDT,bid,0.0013,90584.73618
3/17/20 17:01:30,DOGE/USDT,bid,0.0012736,888
3/17/20 17:01:30,DOGE/USDT,bid,0.00126388,5209.68879
3/17/20 17:01:30,DOGE/USDT,bid,0.0012,274556.4891
3/17/20 17:01:30,DOGE/USDT,bid,0.0011,25909.09182
3/17/20 17:01:30,DOGE/USDT,bid,0.00108,501137.4653
3/17/20 17:01:30,DOGE/USDT,bid,0.001001,1001
3/17/20 17:01:30,DOGE/USDT,bid,0.001,210000
3/17/20 17:01:30,DOGE/USDT,bid,0.00099999,10000
3/17/20 17:01:30,DOGE/USDT,bid,0.00090001,28254.54597
3/17/20 17:01:30,DOGE/USDT,bid,0.0009,34382.18556
3/17/20 17:01:30,DOGE/USDT,bid,0.00088888,433129.3313
3/17/20 17:01:30,DOGE/USDT,bid,0.00080618,1252.82195
3/17/20 17:01:30,DOGE/USDT,bid,0.000501,2001
3/17/20 17:01:30,DOGE/USDT,bid,0.00028,7142.857143
3/17/20 17:01:30,DOGE/USDT,bid,0.00010287,39786.51444
3/17/20 17:01:30,DOGE/USDT,bid,0.000101,100000
3/17/20 17:01:30,DOGE/USDT,bid,0.0001,100000
3/17/20 17:01:30,DOGE/USDT,bid,0.00009999,50000
3/17/20 17:01:30,DOGE/USDT,ask,0.00165452,386819.1379
3/17/20 17:01:30,DOGE/USDT,ask,0.00165524,13091.96179
3/17/20 17:01:30,DOGE/USDT,ask,0.00166,8000
3/17/20 17:01:30,DOGE/USDT,ask,0.00167,8000
3/17/20 17:01:30,DOGE/USDT,ask,0.00168,8056
3/17/20 17:01:30,DOGE/USDT,ask,0.00168913,100607.2991
3/17/20 17:01:30,DOGE/USDT,ask,0.00169,8601.192314
3/17/20 17:01:30,DOGE/USDT,ask,0.00169998,8000
3/17/20 17:01:30,DOGE/USDT,ask,0.00169999,50000
3/17/20 17:01:30,DOGE/USDT,ask,0.0017,630
3/17/20 17:01:30,DOGE/USDT,ask,0.001728,587.9716494
3/17/20 17:01:30,DOGE/USDT,ask,0.00173333,46711.33627
3/17/20 17:01:30,DOGE/USDT,ask,0.00174999,50000
3/17/20 17:01:30,DOGE/USDT,ask,0.00176666,625
3/17/20 17:01:30,DOGE/USDT,ask,0.001767,574.9943464
3/17/20 17:01:30,DOGE/USDT,ask,0.00178195,566.793853
3/17/20 17:01:30,DOGE/USDT,ask,0.001799,561.4213994
3/17/20 17:01:30,DOGE/USDT,ask,0.00179999,50000
3/17/20 17:01:30,DOGE/USDT,ask,0.001807,562.2661927
3/17/20 17:01:30,DOGE/USDT,ask,0.00182458,553.5510059
3/17/20 17:01:30,DOGE/USDT,ask,0.00183333,610
3/17/20 17:01:30,DOGE/USDT,ask,0.00184521,10000
3/17/20 17:01:30,DOGE/USDT,ask,0.001848,549.7916722
3/17/20 17:01:30,DOGE/USDT,ask,0.00185,51401.81537
3/17/20 17:01:30,DOGE/USDT,ask,0.001855,1617.250674
3/17/20 17:01:30,DOGE/USDT,ask,0.00186,10000
3/17/20 17:01:30,DOGE/USDT,ask,0.00186375,3842.088
3/17/20 17:01:30,DOGE/USDT,ask,0.00186666,605
3/17/20 17:01:30,DOGE/USDT,ask,0.00187211,12891.08358
3/17/20 17:01:30,DOGE/USDT,ask,0.001889,537.8586608
3/17/20 17:01:30,DOGE/USDT,ask,0.00189515,659.505
3/17/20 17:01:30,DOGE/USDT,ask,0.0019,600
3/17/20 17:01:30,DOGE/USDT,ask,0.00192,734.0887253
3/17/20 17:01:30,DOGE/USDT,ask,0.00193,40572.52874
3/17/20 17:01:30,DOGE/USDT,ask,0.001932,1525.887686
3/17/20 17:01:30,DOGE/USDT,ask,0.00195,4131.884597
3/17/20 17:01:30,DOGE/USDT,ask,0.00195967,11427.61438
3/17/20 17:01:30,DOGE/USDT,ask,0.0019692,1234.62435
3/17/20 17:01:30,DOGE/USDT,ask,0.00197106,734.0887253
3/17/20 17:01:30,DOGE/USDT,ask,0.001974,19982
3/17/20 17:01:30,DOGE/USDT,ask,0.001975,514.4379798
3/17/20 17:01:30,DOGE/USDT,ask,0.00199,50540.80152
3/17/20 17:01:30,DOGE/USDT,ask,0.002,4206.668904
3/17/20 17:01:30,DOGE/USDT,ask,0.00200996,687
3/17/20 17:01:30,DOGE/USDT,ask,0.00201,3502
3/17/20 17:01:30,DOGE/USDT,ask,0.00202,1003.977728
3/17/20 17:01:30,DOGE/USDT,ask,0.002025,505
3/17/20 17:01:30,DOGE/USDT,ask,0.00203,500
3/17/20 17:01:30,DOGE/USDT,ask,0.00203333,500
3/17/20 17:01:30,DOGE/USDT,ask,0.00204,500
3/17/20 17:01:35,ETH/BTC,bid,0.021883,48.3724
3/17/20 17:01:35,ETH/BTC,bid,0.021879,5.0487
3/17/20 17:01:35,ETH/BTC,bid,0.0218731,7.44564183
3/17/20 17:01:35,ETH/BTC,bid,0.02187309,11.42647272
3/17/20 17:01:35,ETH/BTC,bid,0.021873,1
3/17/20 17:01:35,ETH/BTC,bid,0.02187163,0.03322569
3/17/20 17:01:35,ETH/BTC,bid,0.0218701,9.13884513
3/17/20 17:01:35,ETH/BTC,bid,0.02187009,6
3/17/20 17:01:35,ETH/BTC,bid,0.02187008,0.21
3/17/20 17:01:35,ETH/BTC,bid,0.02186299,0.1
3/17/20 17:01:35,ETH/BTC,bid,0.02186251,0.0091
3/17/20 17:01:35,ETH/BTC,bid,0.02186052,0.05
3/17/20 17:01:35,ETH/BTC,bid,0.0218558,130
3/17/20 17:01:35,ETH/BTC,bid,0.02184991,34.8147786
3/17/20 17:01:35,ETH/BTC,bid,0.02184366,4.8885609
3/17/20 17:01:35,ETH/BTC,bid,0.02184363,4.52654436
3/17/20 17:01:35,ETH/BTC,bid,0.02183807,47
3/17/20 17:01:35,ETH/BTC,bid,0.02183264,0.00630238
3/17/20 17:01:35,ETH/BTC,bid,0.0218247,0.01248192
3/17/20 17:01:35,ETH/BTC,bid,0.0218238,41.5
3/17/20 17:01:35,ETH/BTC,bid,0.02181835,0.2
3/17/20 17:01:35,ETH/BTC,bid,0.02180845,50
3/17/20 17:01:35,ETH/BTC,bid,0.0218,32.74659999
3/17/20 17:01:35,ETH/BTC,bid,0.02179639,0.40030023
3/17/20 17:01:35,ETH/BTC,bid,0.0217942,0.81461421
3/17/20 17:01:35,ETH/BTC,bid,0.02179148,49
3/17/20 17:01:35,ETH/BTC,bid,0.02178009,0.73972375
3/17/20 17:01:35,ETH/BTC,bid,0.02177774,48
3/17/20 17:01:35,ETH/BTC,bid,0.0217631,0.01368442
3/17/20 17:01:35,ETH/BTC,bid,0.021763,0.57907871
3/17/20 17:01:35,ETH/BTC,bid,0.02176045,49
3/17/20 17:01:35,ETH/BTC,bid,0.02175882,40.67636181
3/17/20 17:01:35,ETH/BTC,bid,0.02175498,0.1331879
3/17/20 17:01:35,ETH/BTC,bid,0.02175209,0.55167113
3/17/20 17:01:35,ETH/BTC,bid,0.0217499,0.04644343
3/17/20 17:01:35,ETH/BTC,bid,0.02173852,14.73
3/17/20 17:01:35,ETH/BTC,bid,0.02173707,0.09825887
3/17/20 17:01:35,ETH/BTC,bid,0.02173628,0.03355265
3/17/20 17:01:35,ETH/BTC,bid,0.02172401,0.00633334
3/17/20 17:01:35,ETH/BTC,bid,0.02171691,0.02869842
3/17/20 17:01:35,ETH/BTC,bid,0.02171256,50.96
3/17/20 17:01:35,ETH/BTC,bid,0.02170739,1.033055
3/17/20 17:01:35,ETH/BTC,bid,0.02170001,2.58533184
3/17/20 17:01:35,ETH/BTC,bid,0.0217,11.58032904
3/17/20 17:01:35,ETH/BTC,bid,0.02168639,0.40030022
3/17/20 17:01:35,ETH/BTC,bid,0.02167075,0.1777869
3/17/20 17:01:35,ETH/BTC,bid,0.02164915,65.82811107
3/17/20 17:01:35,ETH/BTC,bid,0.02164903,0.01766217
3/17/20 17:01:35,ETH/BTC,bid,0.02164226,0.14046593
3/17/20 17:01:35,ETH/BTC,bid,0.02161593,0.00636546
3/17/20 17:01:35,ETH/BTC,ask,0.02189095,9.80492203
3/17/20 17:01:35,ETH/BTC,ask,0.02189096,6.85752424
3/17/20 17:01:35,ETH/BTC,ask,0.0219,169.4905
3/17/20 17:01:35,ETH/BTC,ask,0.02190426,18.27656848
3/17/20 17:01:35,ETH/BTC,ask,0.02190427,130
3/17/20 17:01:35,ETH/BTC,ask,0.02191749,23.5
3/17/20 17:01:35,ETH/BTC,ask,0.02192039,0.4014997
3/17/20 17:01:35,ETH/BTC,ask,0.02193217,36.8
3/17/20 17:01:35,ETH/BTC,ask,0.02194445,3
3/17/20 17:01:35,ETH/BTC,ask,0.02194664,1.3710656
3/17/20 17:01:35,ETH/BTC,ask,0.02194667,50.95
3/17/20 17:01:35,ETH/BTC,ask,0.02195887,14.73
3/17/20 17:01:35,ETH/BTC,ask,0.02196,0.0199982
3/17/20 17:01:35,ETH/BTC,ask,0.02196165,37.7
3/17/20 17:01:35,ETH/BTC,ask,0.02197627,25.4
3/17/20 17:01:35,ETH/BTC,ask,0.02199398,4.94993079
3/17/20 17:01:35,ETH/BTC,ask,0.021998,0.01251984
3/17/20 17:01:35,ETH/BTC,ask,0.02201782,0.17
3/17/20 17:01:35,ETH/BTC,ask,0.02202912,1.13550823
3/17/20 17:01:35,ETH/BTC,ask,0.02204899,0.4
3/17/20 17:01:35,ETH/BTC,ask,0.02205152,0.00623928
3/17/20 17:01:35,ETH/BTC,ask,0.02205403,508.55
3/17/20 17:01:35,ETH/BTC,ask,0.0220972,0.01263333
3/17/20 17:01:35,ETH/BTC,ask,0.02210103,0.00019101
3/17/20 17:01:35,ETH/BTC,ask,0.02210226,0.086064
3/17/20 17:01:35,ETH/BTC,ask,0.02210653,29.79741705
3/17/20 17:01:35,ETH/BTC,ask,0.02210655,6.90840309
3/17/20 17:01:35,ETH/BTC,ask,0.02210752,1.24905905
3/17/20 17:01:35,ETH/BTC,ask,0.0221428,0.01274004
3/17/20 17:01:35,ETH/BTC,ask,0.02215,0.0697053
3/17/20 17:01:35,ETH/BTC,ask,0.0221597,0.4
3/17/20 17:01:35,ETH/BTC,ask,0.02216178,0.00620832
3/17/20 17:01:35,ETH/BTC,ask,0.02218591,1.37396496
3/17/20 17:01:35,ETH/BTC,ask,0.0221898,0.01286127
3/17/20 17:01:35,ETH/BTC,ask,0.02222318,0.0092
3/17/20 17:01:35,ETH/BTC,ask,0.02222991,0.5
3/17/20 17:01:35,ETH/BTC,ask,0.02223142,0.086064
3/17/20 17:01:35,ETH/BTC,ask,0.022234,0.19992
3/17/20 17:01:35,ETH/BTC,ask,0.02224422,0.05
3/17/20 17:01:35,ETH/BTC,ask,0.02225,0.05746774
3/17/20 17:01:35,ETH/BTC,ask,0.02226116,0.12491728
3/17/20 17:01:35,ETH/BTC,ask,0.02226117,0.05
3/17/20 17:01:35,ETH/BTC,ask,0.02226156,0.68965079
3/17/20 17:01:35,ETH/BTC,ask,0.02226177,0.05
3/17/20 17:01:35,ETH/BTC,ask,0.02226431,1.51136146
3/17/20 17:01:35,ETH/BTC,ask,0.02227,1
3/17/20 17:01:35,ETH/BTC,ask,0.02227042,0.4
3/17/20 17:01:35,ETH/BTC,ask,0.02227259,0.00617736
3/17/20 17:01:35,ETH/BTC,ask,0.02228525,1.22916826
3/17/20 17:01:35,ETH/BTC,ask,0.0222914,0.01236902
3/17/20 17:01:35,DOGE/BTC,bid,0.0000003,29468687.92
3/17/20 17:01:35,DOGE/BTC,bid,0.00000029,29354859.32
3/17/20 17:01:35,DOGE/BTC,bid,0.00000028,33183658.84
3/17/20 17:01:35,DOGE/BTC,bid,0.00000027,70492155.16
3/17/20 17:01:35,DOGE/BTC,bid,0.00000026,47973630.8
3/17/20 17:01:35,DOGE/BTC,bid,0.00000025,54375270.3
3/17/20 17:01:35,DOGE/BTC,bid,0.00000024,43578159.04
3/17/20 17:01:35,DOGE/BTC,bid,0.00000023,55039906.02
3/17/20 17:01:35,DOGE/BTC,bid,0.00000022,35101189.03
3/17/20 17:01:35,DOGE/BTC,bid,0.00000021,17487929.46
3/17/20 17:01:35,DOGE/BTC,bid,0.0000002,23948681.09
3/17/20 17:01:35,DOGE/BTC,bid,0.00000019,9908337.092
3/17/20 17:01:35,DOGE/BTC,bid,0.00000018,17140674.94
3/17/20 17:01:35,DOGE/BTC,bid,0.00000017,10816395.01
3/17/20 17:01:35,DOGE/BTC,bid,0.00000016,18698273.51
3/17/20 17:01:35,DOGE/BTC,bid,0.00000015,16277969.48
3/17/20 17:01:35,DOGE/BTC,bid,0.00000014,102751129.1
3/17/20 17:01:35,DOGE/BTC,bid,0.00000013,31727762.77
3/17/20 17:01:35,DOGE/BTC,bid,0.00000012,19995159.83
3/17/20 17:01:35,DOGE/BTC,bid,0.00000011,28995182.73
3/17/20 17:01:35,DOGE/BTC,bid,0.0000001,23774671.46
3/17/20 17:01:35,DOGE/BTC,bid,0.00000009,12981604.44
3/17/20 17:01:35,DOGE/BTC,bid,0.00000008,17423077.38
3/17/20 17:01:35,DOGE/BTC,bid,0.00000007,15265749.14
3/17/20 17:01:35,DOGE/BTC,bid,0.00000006,17737965.33
3/17/20 17:01:35,DOGE/BTC,bid,0.00000005,1334531.94
3/17/20 17:01:35,DOGE/BTC,bid,0.00000004,316250
3/17/20 17:01:35,DOGE/BTC,bid,0.00000003,37081819
3/17/20 17:01:35,DOGE/BTC,bid,0.00000002,148187044.4
3/17/20 17:01:35,DOGE/BTC,bid,0.00000001,31940498
3/17/20 17:01:35,DOGE/BTC,ask,0.00000031,11905712.11
3/17/20 17:01:35,DOGE/BTC,ask,0.00000032,41260944.22
3/17/20 17:01:35,DOGE/BTC,ask,0.00000033,23594827.9
3/17/20 17:01:35,DOGE/BTC,ask,0.00000034,21803662.67
3/17/20 17:01:35,DOGE/BTC,ask,0.00000035,18263184.26
3/17/20 17:01:35,DOGE/BTC,ask,0.00000036,5679965.568
3/17/20 17:01:35,DOGE/BTC,ask,0.00000037,13314388.74
3/17/20 17:01:35,DOGE/BTC,ask,0.00000038,7712660.475
3/17/20 17:01:35,DOGE/BTC,ask,0.00000039,20443826.38
3/17/20 17:01:35,DOGE/BTC,ask,0.0000004,18956753.4
3/17/20 17:01:35,DOGE/BTC,ask,0.00000041,4835576.607
3/17/20 17:01:35,DOGE/BTC,ask,0.00000042,5952282.441
3/17/20 17:01:35,DOGE/BTC,ask,0.00000043,3501920.432
3/17/20 17:01:35,DOGE/BTC,ask,0.00000044,14582197.4
3/17/20 17:01:35,DOGE/BTC,ask,0.00000045,4614626.46
3/17/20 17:01:35,DOGE/BTC,ask,0.00000046,2880183.059
3/17/20 17:01:35,DOGE/BTC,ask,0.00000047,10796386.7
3/17/20 17:01:35,DOGE/BTC,ask,0.00000048,10993658.99
3/17/20 17:01:35,DOGE/BTC,ask,0.00000049,11470242.69
3/17/20 17:01:35,DOGE/BTC,ask,0.0000005,9822169.521
3/17/20 17:01:35,DOGE/BTC,ask,0.00000051,6596323.581
3/17/20 17:01:35,DOGE/BTC,ask,0.00000052,4513618.074
3/17/20 17:01:35,DOGE/BTC,ask,0.00000053,9635813.612
3/17/20 17:01:35,DOGE/BTC,ask,0.00000054,7066622.925
3/17/20 17:01:35,DOGE/BTC,ask,0.00000055,7494963.956
3/17/20 17:01:35,DOGE/BTC,ask,0.00000056,23053312.76
3/17/20 17:01:35,DOGE/BTC,ask,0.00000057,5490128.617
3/17/20 17:01:35,DOGE/BTC,ask,0.00000058,22647865.09
3/17/20 17:01:35,DOGE/BTC,ask,0.00000059,6597647.838
3/17/20 17:01:35,DOGE/BTC,ask,0.0000006,27239374.62
3/17/20 17:01:35,DOGE/BTC,ask,0.00000061,1768636.834
3/17/20 17:01:35,DOGE/BTC,ask,0.00000062,24668402.37
3/17/20 17:01:35,DOGE/BTC,ask,0.00000063,8128739.155
3/17/20 17:01:35,DOGE/BTC,ask,0.00000064,24019776.38
3/17/20 17:01:35,DOGE/BTC,ask,0.00000065,4968243.757
3/17/20 17:01:35,DOGE/BTC,ask,0.00000066,27514366.54
3/17/20 17:01:35,DOGE/BTC,ask,0.00000067,4397588.341
3/17/20 17:01:35,DOGE/BTC,ask,0.00000068,2235573.188
3/17/20 17:01:35,DOGE/BTC,ask,0.00000069,5909908.29
3/17/20 17:01:35,DOGE/BTC,ask,0.0000007,34897322.78
3/17/20 17:01:35,DOGE/BTC,ask,0.00000071,2764354.163
3/17/20 17:01:35,DOGE/BTC,ask,0.00000072,1845992.079
3/17/20 17:01:35,DOGE/BTC,ask,0.00000073,7369552.12
3/17/20 17:01:35,DOGE/BTC,ask,0.00000074,5257917.544
3/17/20 17:01:35,DOGE/BTC,ask,0.00000075,33854092.47
3/17/20 17:01:35,DOGE/BTC,ask,0.00000076,3010444.329
3/17/20 17:01:35,DOGE/BTC,ask,0.00000077,1924792.465
3/17/20 17:01:35,DOGE/BTC,ask,0.00000078,16607624.91
3/17/20 17:01:35,DOGE/BTC,ask,0.00000079,7917339.502
3/17/20 17:01:35,DOGE/BTC,ask,0.0000008,49152265.03
3/17/20 17:01:35,BTC/USDT,bid,5356.327348,0.49750823
3/17/20 17:01:35,BTC/USDT,bid,5356.327192,0.20503716
3/17/20 17:01:35,BTC/USDT,bid,5356.327192,0.49750822
3/17/20 17:01:35,BTC/USDT,bid,5356.3267,0.0308162
3/17/20 17:01:35,BTC/USDT,bid,5356.276845,2.44519
3/17/20 17:01:35,BTC/USDT,bid,5356.177154,0.01349006
3/17/20 17:01:35,BTC/USDT,bid,5355.105033,6.41
3/17/20 17:01:35,BTC/USDT,bid,5348.83048,0.011
3/17/20 17:01:35,BTC/USDT,bid,5348.276845,0.04485274
3/17/20 17:01:35,BTC/USDT,bid,5347.105033,0.02314827
3/17/20 17:01:35,BTC/USDT,bid,5342.207739,0.00189091
3/17/20 17:01:35,BTC/USDT,bid,5340.169072,0.0579
3/17/20 17:01:35,BTC/USDT,bid,5338,0.4284
3/17/20 17:01:35,BTC/USDT,bid,5338,0.00187337
3/17/20 17:01:35,BTC/USDT,bid,5333.2885,0.0694
3/17/20 17:01:35,BTC/USDT,bid,5331.496293,1.96703549
3/17/20 17:01:35,BTC/USDT,bid,5328.116231,1.3907
3/17/20 17:01:35,BTC/USDT,bid,5327.516873,0.0438737
3/17/20 17:01:35,BTC/USDT,bid,5327.462907,0.00024266
3/17/20 17:01:35,BTC/USDT,bid,5323.83418,0.001
3/17/20 17:01:35,BTC/USDT,bid,5321,0.05638038
3/17/20 17:01:35,BTC/USDT,bid,5321,3.35
3/17/20 17:01:35,BTC/USDT,bid,5319.450228,0.00020075
3/17/20 17:01:35,BTC/USDT,bid,5315.647749,0.00027634
3/17/20 17:01:35,BTC/USDT,bid,5315.223206,0.0064523
3/17/20 17:01:35,BTC/USDT,bid,5314.154437,0.000268
3/17/20 17:01:35,BTC/USDT,bid,5309.567052,0.00020075
3/17/20 17:01:35,BTC/USDT,bid,5308.704103,0.00161787
3/17/20 17:01:35,BTC/USDT,bid,5307,0.00018862
3/17/20 17:01:35,BTC/USDT,bid,5306.829046,0.01884365
3/17/20 17:01:35,BTC/USDT,bid,5305.930564,0.00030859
3/17/20 17:01:35,BTC/USDT,bid,5305.2265,0.002
3/17/20 17:01:35,BTC/USDT,bid,5302.212481,0.00377201
3/17/20 17:01:35,BTC/USDT,bid,5300.71346,14.1319
3/17/20 17:01:35,BTC/USDT,bid,5300,0.00207548
3/17/20 17:01:35,BTC/USDT,bid,5299.683875,0.00020075
3/17/20 17:01:35,BTC/USDT,bid,5292.41384,0.33388547
3/17/20 17:01:35,BTC/USDT,bid,5292.41384,0.001
3/17/20 17:01:35,BTC/USDT,bid,5290.6,0.001
3/17/20 17:01:35,BTC/USDT,bid,5290.276803,0.00903071
3/17/20 17:01:35,BTC/USDT,bid,5290,1
3/17/20 17:01:35,BTC/USDT,bid,5289.800699,0.00020075
3/17/20 17:01:35,BTC/USDT,bid,5289.327667,0.10245671
3/17/20 17:01:35,BTC/USDT,bid,5286.476549,0.000283
3/17/20 17:01:35,BTC/USDT,bid,5286.299399,0.0008359
3/17/20 17:01:35,BTC/USDT,bid,5285.241995,0.0094603
3/17/20 17:01:35,BTC/USDT,bid,5284.37507,0.0064523
3/17/20 17:01:35,BTC/USDT,bid,5284.359859,0.0058136
3/17/20 17:01:35,BTC/USDT,bid,5280.779904,0.00094699
3/17/20 17:01:35,BTC/USDT,bid,5279.917523,0.00114673
3/17/20 17:01:35,BTC/USDT,ask,5360.032,0.22890359
3/17/20 17:01:35,BTC/USDT,ask,5360.266143,0.04882059
3/17/20 17:01:35,BTC/USDT,ask,5360.276143,0.04882059
3/17/20 17:01:35,BTC/USDT,ask,5365.714615,0.12
3/17/20 17:01:35,BTC/USDT,ask,5367.172452,6.3
3/17/20 17:01:35,BTC/USDT,ask,5369,0.00186254
3/17/20 17:01:35,BTC/USDT,ask,5369.2735,0.002
3/17/20 17:01:35,BTC/USDT,ask,5370.144122,0.00931073
3/17/20 17:01:35,BTC/USDT,ask,5370.253774,0.00024073
3/17/20 17:01:35,BTC/USDT,ask,5371.882145,0.00993653
3/17/20 17:01:35,BTC/USDT,ask,5375,0.00018605
3/17/20 17:01:35,BTC/USDT,ask,5377.460766,0.0064523
3/17/20 17:01:35,BTC/USDT,ask,5378.945825,0.4284
3/17/20 17:01:35,BTC/USDT,ask,5380.25906,1.53460045
3/17/20 17:01:35,BTC/USDT,ask,5381.725926,1.3906
3/17/20 17:01:35,BTC/USDT,ask,5381.871878,0.0008
3/17/20 17:01:35,BTC/USDT,ask,5385,0.73293336
3/17/20 17:01:35,BTC/USDT,ask,5385,5.0194056
3/17/20 17:01:35,BTC/USDT,ask,5385.079169,0.88506963
3/17/20 17:01:35,BTC/USDT,ask,5385.506698,0.00766
3/17/20 17:01:35,BTC/USDT,ask,5385.620597,3.00459508
3/17/20 17:01:35,BTC/USDT,ask,5387.18544,0.01426
3/17/20 17:01:35,BTC/USDT,ask,5388.10582,0.001
3/17/20 17:01:35,BTC/USDT,ask,5390,0.26905092
3/17/20 17:01:35,BTC/USDT,ask,5392.328562,0.00020057
3/17/20 17:01:35,BTC/USDT,ask,5394.380107,0.00027378
3/17/20 17:01:35,BTC/USDT,ask,5395,1.36185087
3/17/20 17:01:35,BTC/USDT,ask,5395.59766,0.0011025
3/17/20 17:01:35,BTC/USDT,ask,5400,0.14371419
3/17/20 17:01:35,BTC/USDT,ask,5400.331516,0.0384
3/17/20 17:01:35,BTC/USDT,ask,5405.417669,0.00423615
3/17/20 17:01:35,BTC/USDT,ask,5406.306735,0.01366
3/17/20 17:01:35,BTC/USDT,ask,5406.520422,2.92760636
3/17/20 17:01:35,BTC/USDT,ask,5408.8523,0.0064523
3/17/20 17:01:35,BTC/USDT,ask,5409.927025,0.00762601
3/17/20 17:01:35,BTC/USDT,ask,5411.995972,0.0074
3/17/20 17:01:35,BTC/USDT,ask,5412,0.005425
3/17/20 17:01:35,BTC/USDT,ask,5412.036397,14.1318
3/17/20 17:01:35,BTC/USDT,ask,5413.105275,0.00923684
3/17/20 17:01:35,BTC/USDT,ask,5414,0.70413587
3/17/20 17:01:35,BTC/USDT,ask,5414,0.00018766
3/17/20 17:01:35,BTC/USDT,ask,5418.517248,0.00072134
3/17/20 17:01:35,BTC/USDT,ask,5429.634264,0.0384
3/17/20 17:01:35,BTC/USDT,ask,5430.265434,0.02431211
3/17/20 17:01:35,BTC/USDT,ask,5434.074859,0.01847059
3/17/20 17:01:35,BTC/USDT,ask,5440.427085,0.0064523
3/17/20 17:01:35,BTC/USDT,ask,5452.796181,0.00745308
3/17/20 17:01:35,BTC/USDT,ask,5456.410117,0.00916353
3/17/20 17:01:35,BTC/USDT,ask,5460.123338,0.05
3/17/20 17:01:35,BTC/USDT,ask,5463.22,0.01249
3/17/20 17:01:35,ETH/USDT,bid,117.1504221,10.68377422
3/17/20 17:01:35,ETH/USDT,bid,117.1504221,130
3/17/20 17:01:35,ETH/USDT,bid,117.07,0.39772864
3/17/20 17:01:35,ETH/USDT,bid,117.07,30.8
3/17/20 17:01:35,ETH/USDT,bid,117.0656747,0.39
3/17/20 17:01:35,ETH/USDT,bid,117.0639188,6
3/17/20 17:01:35,ETH/USDT,bid,117.0639187,5.46709
3/17/20 17:01:35,ETH/USDT,bid,116.91819,0.2
3/17/20 17:01:35,ETH/USDT,bid,116.9136737,18
3/17/20 17:01:35,ETH/USDT,bid,116.9136737,6
3/17/20 17:01:35,ETH/USDT,bid,116.8083787,2.30874594
3/17/20 17:01:35,ETH/USDT,bid,116.8074564,0.05
3/17/20 17:01:35,ETH/USDT,bid,116.7013776,4.24497827
3/17/20 17:01:35,ETH/USDT,bid,116.6949153,0.659511
3/17/20 17:01:35,ETH/USDT,bid,116.6204908,0.00910475
3/17/20 17:01:35,ETH/USDT,bid,116.5694807,89.96559301
3/17/20 17:01:35,ETH/USDT,bid,116.3090524,14.56
3/17/20 17:01:35,ETH/USDT,bid,116.27,3.41093589
3/17/20 17:01:35,ETH/USDT,bid,116.2693539,0.00913224
3/17/20 17:01:35,ETH/USDT,bid,116.2494316,7.97517367
3/17/20 17:01:35,ETH/USDT,bid,116.2494316,2.58065778
3/17/20 17:01:35,ETH/USDT,bid,116.2494316,0.05633954
3/17/20 17:01:35,ETH/USDT,bid,116.0984838,49.01
3/17/20 17:01:35,ETH/USDT,bid,116.0169492,15.22786492
3/17/20 17:01:35,ETH/USDT,bid,116.0169492,0.659511
3/17/20 17:01:35,ETH/USDT,bid,116,0.08620689
3/17/20 17:01:35,ETH/USDT,bid,115.9469432,0.01263333
3/17/20 17:01:35,ETH/USDT,bid,115.9028272,0.25883751
3/17/20 17:01:35,ETH/USDT,bid,115.815915,0.02426799
3/17/20 17:01:35,ETH/USDT,bid,115.4234714,512.64
3/17/20 17:01:35,ETH/USDT,bid,115.3389831,0.659511
3/17/20 17:01:35,ETH/USDT,bid,115.2437536,252.76
3/17/20 17:01:35,ETH/USDT,bid,115,1.87168482
3/17/20 17:01:35,ETH/USDT,bid,114.9829635,0.26090821
3/17/20 17:01:35,ETH/USDT,bid,114.7,0.00872711
3/17/20 17:01:35,ETH/USDT,bid,114.6610169,0.659511
3/17/20 17:01:35,ETH/USDT,bid,114.3,0.1
3/17/20 17:01:35,ETH/USDT,bid,114.130002,0.9476005
3/17/20 17:01:35,ETH/USDT,bid,114.0704003,0.26299548
3/17/20 17:01:35,ETH/USDT,bid,114,13.59210526
3/17/20 17:01:35,ETH/USDT,bid,113.9830508,0.659511
3/17/20 17:01:35,ETH/USDT,bid,113.9554521,0.02426799
3/17/20 17:01:35,ETH/USDT,bid,113.7927595,0.01286127
3/17/20 17:01:35,ETH/USDT,bid,113.5,27.7506608
3/17/20 17:01:35,ETH/USDT,bid,113.4923569,245.39
3/17/20 17:01:35,ETH/USDT,bid,113.4464861,0.45684192
3/17/20 17:01:35,ETH/USDT,bid,113.3050847,0.659511
3/17/20 17:01:35,ETH/USDT,bid,113.3,0.1
3/17/20 17:01:35,ETH/USDT,bid,113.2440235,276.6838495
3/17/20 17:01:35,ETH/USDT,bid,113.2013898,101
3/17/20 17:01:35,ETH/USDT,ask,117.3292437,53.42835969
3/17/20 17:01:35,ETH/USDT,ask,117.3292437,3.463928
3/17/20 17:01:35,ETH/USDT,ask,117.4132795,139.1375701
3/17/20 17:01:35,ETH/USDT,ask,117.44,40
3/17/20 17:01:35,ETH/USDT,ask,117.4885672,1.37106559
3/17/20 17:01:35,ETH/USDT,ask,117.4885672,0.00903748
3/17/20 17:01:35,ETH/USDT,ask,117.5058455,122.0517695
3/17/20 17:01:35,ETH/USDT,ask,117.7368324,65.79249881
3/17/20 17:01:35,ETH/USDT,ask,117.7368325,14.55
3/17/20 17:01:35,ETH/USDT,ask,117.7368325,0.12957599
3/17/20 17:01:35,ETH/USDT,ask,117.7646902,0.25474528
3/17/20 17:01:35,ETH/USDT,ask,117.8397041,0.00901055
3/17/20 17:01:35,ETH/USDT,ask,117.9,40
3/17/20 17:01:35,ETH/USDT,ask,117.9665528,4.94993079
3/17/20 17:01:35,ETH/USDT,ask,118,0.5
3/17/20 17:01:35,ETH/USDT,ask,118.0508475,0.64151446
3/17/20 17:01:35,ETH/USDT,ask,118.6426723,29.63436162
3/17/20 17:01:35,ETH/USDT,ask,118.6426723,512.63
3/17/20 17:01:35,ETH/USDT,ask,118.6426726,0.01248192
3/17/20 17:01:35,ETH/USDT,ask,118.7068077,0.2527235
3/17/20 17:01:35,ETH/USDT,ask,118.7288136,0.659511
3/17/20 17:01:35,ETH/USDT,ask,119,20
3/17/20 17:01:35,ETH/USDT,ask,119.393462,0.08466948
3/17/20 17:01:35,ETH/USDT,ask,119.4067797,0.659511
3/17/20 17:01:35,ETH/USDT,ask,119.6284598,0.02426799
3/17/20 17:01:35,ETH/USDT,ask,119.638261,0.01671707
3/17/20 17:01:35,ETH/USDT,ask,119.6564622,0.25071775
3/17/20 17:01:35,ETH/USDT,ask,119.7041775,0.05
3/17/20 17:01:35,ETH/USDT,ask,119.889,1.34108256
3/17/20 17:01:35,ETH/USDT,ask,119.9,0.10847385
3/17/20 17:01:35,ETH/USDT,ask,120,95.98132134
3/17/20 17:01:35,ETH/USDT,ask,120.0847458,0.659511
3/17/20 17:01:35,ETH/USDT,ask,120.2,0.1
3/17/20 17:01:35,ETH/USDT,ask,120.2623132,0.25
3/17/20 17:01:35,ETH/USDT,ask,120.5,0.59955
3/17/20 17:01:35,ETH/USDT,ask,120.5855444,0.01658574
3/17/20 17:01:35,ETH/USDT,ask,120.6137139,0.24872793
3/17/20 17:01:35,ETH/USDT,ask,120.638261,0.01671707
3/17/20 17:01:35,ETH/USDT,ask,120.6461675,0.01228126
3/17/20 17:01:35,ETH/USDT,ask,120.68,2
3/17/20 17:01:35,ETH/USDT,ask,120.7627119,0.659511
3/17/20 17:01:35,ETH/USDT,ask,120.8390505,38.82819684
3/17/20 17:01:35,ETH/USDT,ask,120.8455569,0.12130248
3/17/20 17:01:35,ETH/USDT,ask,120.8855444,0.01658574
3/17/20 17:01:35,ETH/USDT,ask,120.9,0.1
3/17/20 17:01:35,ETH/USDT,ask,120.9347855,0.13778321
3/17/20 17:01:35,ETH/USDT,ask,120.938261,0.01671707
3/17/20 17:01:35,ETH/USDT,ask,120.9392567,0.01225042
3/17/20 17:01:35,ETH/USDT,ask,120.99,0.03330281
3/17/20 17:01:35,ETH/USDT,ask,121,0.0218097
3/17/20 17:01:35,DOGE/USDT,bid,0.00163432,390888.8409
3/17/20 17:01:35,DOGE/USDT,bid,0.00163421,24430.87245
3/17/20 17:01:35,DOGE/USDT,bid,0.00163401,10676.55306
3/17/20 17:01:35,DOGE/USDT,bid,0.00163333,657.5696301
3/17/20 17:01:35,DOGE/USDT,bid,0.00161701,858476
3/17/20 17:01:35,DOGE/USDT,bid,0.001617,619.0476252
3/17/20 17:01:35,DOGE/USDT,bid,0.00161296,399936
3/17/20 17:01:35,DOGE/USDT,bid,0.0016,1320.512756
3/17/20 17:01:35,DOGE/USDT,bid,0.00159663,407335
3/17/20 17:01:35,DOGE/USDT,bid,0.00158102,157647
3/17/20 17:01:35,DOGE/USDT,bid,0.001581,633.1435863
3/17/20 17:01:35,DOGE/USDT,bid,0.00154985,159055
3/17/20 17:01:35,DOGE/USDT,bid,0.00154639,1940.002199
3/17/20 17:01:35,DOGE/USDT,bid,0.00154602,81437
3/17/20 17:01:35,DOGE/USDT,bid,0.001546,647.4773674
3/17/20 17:01:35,DOGE/USDT,bid,0.001512,4630.291012
3/17/20 17:01:35,DOGE/USDT,bid,0.00147901,7413.211621
3/17/20 17:01:35,DOGE/USDT,bid,0.001479,676.8086613
3/17/20 17:01:35,DOGE/USDT,bid,0.00147501,50050
3/17/20 17:01:35,DOGE/USDT,bid,0.00145374,1972.551
3/17/20 17:01:35,DOGE/USDT,bid,0.00145001,50050
3/17/20 17:01:35,DOGE/USDT,bid,0.00144601,7607.139646
3/17/20 17:01:35,DOGE/USDT,bid,0.001446,692.2545021
3/17/20 17:01:35,DOGE/USDT,bid,0.00141502,212011.1377
3/17/20 17:01:35,DOGE/USDT,bid,0.00141501,655196.3633
3/17/20 17:01:35,DOGE/USDT,bid,0.001415,707.4205018
3/17/20 17:01:35,DOGE/USDT,bid,0.00140001,45045
3/17/20 17:01:35,DOGE/USDT,bid,0.0014,1434.286429
3/17/20 17:01:35,DOGE/USDT,bid,0.001384,723.2659032
3/17/20 17:01:35,DOGE/USDT,bid,0.00137857,6065
3/17/20 17:01:35,DOGE/USDT,bid,0.001333,500000
3/17/20 17:01:35,DOGE/USDT,bid,0.001331,751314.8009
3/17/20 17:01:35,DOGE/USDT,bid,0.0013,90584.73618
3/17/20 17:01:35,DOGE/USDT,bid,0.0012736,888
3/17/20 17:01:35,DOGE/USDT,bid,0.00126388,5209.68879
3/17/20 17:01:35,DOGE/USDT,bid,0.0012,274556.4891
3/17/20 17:01:35,DOGE/USDT,bid,0.0011,25909.09182
3/17/20 17:01:35,DOGE/USDT,bid,0.00108,501137.4653
3/17/20 17:01:35,DOGE/USDT,bid,0.001001,1001
3/17/20 17:01:35,DOGE/USDT,bid,0.001,210000
3/17/20 17:01:35,DOGE/USDT,bid,0.00099999,10000
3/17/20 17:01:35,DOGE/USDT,bid,0.00090001,28254.54597
3/17/20 17:01:35,DOGE/USDT,bid,0.0009,34382.18556
3/17/20 17:01:35,DOGE/USDT,bid,0.00088888,433129.3313
3/17/20 17:01:35,DOGE/USDT,bid,0.00080618,1252.82195
3/17/20 17:01:35,DOGE/USDT,bid,0.000501,2001
3/17/20 17:01:35,DOGE/USDT,bid,0.00028,7142.857143
3/17/20 17:01:35,DOGE/USDT,bid,0.00010287,39786.51444
3/17/20 17:01:35,DOGE/USDT,bid,0.000101,100000
3/17/20 17:01:35,DOGE/USDT,bid,0.0001,100000
3/17/20 17:01:35,DOGE/USDT,ask,0.00165353,387050.7339
3/17/20 17:01:35,DOGE/USDT,ask,0.00165451,12332.5205
3/17/20 17:01:35,DOGE/USDT,ask,0.00166,8000
3/17/20 17:01:35,DOGE/USDT,ask,0.00167,8000
3/17/20 17:01:35,DOGE/USDT,ask,0.00168,8056
3/17/20 17:01:35,DOGE/USDT,ask,0.00168913,100607.2991
3/17/20 17:01:35,DOGE/USDT,ask,0.00169,8601.192314
3/17/20 17:01:35,DOGE/USDT,ask,0.00169998,8000
3/17/20 17:01:35,DOGE/USDT,ask,0.00169999,50000
3/17/20 17:01:35,DOGE/USDT,ask,0.0017,630
3/17/20 17:01:35,DOGE/USDT,ask,0.001728,587.9716494
3/17/20 17:01:35,DOGE/USDT,ask,0.00173333,146711.3363
3/17/20 17:01:35,DOGE/USDT,ask,0.00174999,50000
3/17/20 17:01:35,DOGE/USDT,ask,0.00176666,625
3/17/20 17:01:35,DOGE/USDT,ask,0.001767,574.9943464
3/17/20 17:01:35,DOGE/USDT,ask,0.00178195,566.793853
3/17/20 17:01:35,DOGE/USDT,ask,0.001799,561.4213994
3/17/20 17:01:35,DOGE/USDT,ask,0.00179999,50000
3/17/20 17:01:35,DOGE/USDT,ask,0.001807,562.2661927
3/17/20 17:01:35,DOGE/USDT,ask,0.00182458,553.5510059
3/17/20 17:01:35,DOGE/USDT,ask,0.00183333,610
3/17/20 17:01:35,DOGE/USDT,ask,0.00184521,10000
3/17/20 17:01:35,DOGE/USDT,ask,0.001848,549.7916722
3/17/20 17:01:35,DOGE/USDT,ask,0.00185,51401.81537
3/17/20 17:01:35,DOGE/USDT,ask,0.001855,1617.250674
3/17/20 17:01:35,DOGE/USDT,ask,0.00186,10000
3/17/20 17:01:35,DOGE/USDT,ask,0.00186375,3842.088
3/17/20 17:01:35,DOGE/USDT,ask,0.00186666,605
3/17/20 17:01:35,DOGE/USDT,ask,0.00187211,12891.08358
3/17/20 17:01:35,DOGE/USDT,ask,0.001889,537.8586608
3/17/20 17:01:35,DOGE/USDT,ask,0.00189515,659.505
3/17/20 17:01:35,DOGE/USDT,ask,0.0019,600
3/17/20 17:01:35,DOGE/USDT,ask,0.00192,734.0887253
3/17/20 17:01:35,DOGE/USDT,ask,0.00193,40572.52874
3/17/20 17:01:35,DOGE/USDT,ask,0.001932,1525.887686
3/17/20 17:01:35,DOGE/USDT,ask,0.00195,4131.884597
3/17/20 17:01:35,DOGE/USDT,ask,0.00195967,11427.61438
3/17/20 17:01:35,DOGE/USDT,ask,0.0019692,1234.62435
3/17/20 17:01:35,DOGE/USDT,ask,0.00197106,734.0887253
3/17/20 17:01:35,DOGE/USDT,ask,0.001974,19982
3/17/20 17:01:35,DOGE/USDT,ask,0.001975,514.4379798
3/17/20 17:01:35,DOGE/USDT,ask,0.00199,50540.80152
3/17/20 17:01:35,DOGE/USDT,ask,0.002,4206.668904
3/17/20 17:01:35,DOGE/USDT,ask,0.00200996,687
3/17/20 17:01:35,DOGE/USDT,ask,0.00201,3502
3/17/20 17:01:35,DOGE/USDT,ask,0.00202,1003.977728
3/17/20 17:01:35,DOGE/USDT,ask,0.002025,505
3/17/20 17:01:35,DOGE/USDT,ask,0.00203,500
3/17/20 17:01:35,DOGE/USDT,ask,0.00203333,500
3/17/20 17:01:35,DOGE/USDT,ask,0.00204,500
3/17/20 17:01:40,ETH/BTC,bid,0.02188401,7.44192988
3/17/20 17:01:40,ETH/BTC,bid,0.021884,48.3742
3/17/20 17:01:40,ETH/BTC,bid,0.0218731,9.13685695
3/17/20 17:01:40,ETH/BTC,bid,0.02187309,11.42647272
3/17/20 17:01:40,ETH/BTC,bid,0.021873,1
3/17/20 17:01:40,ETH/BTC,bid,0.02187163,0.03322569
3/17/20 17:01:40,ETH/BTC,bid,0.02187011,6
3/17/20 17:01:40,ETH/BTC,bid,0.0218701,9.13884513
3/17/20 17:01:40,ETH/BTC,bid,0.02187008,0.21
3/17/20 17:01:40,ETH/BTC,bid,0.02186299,0.1
3/17/20 17:01:40,ETH/BTC,bid,0.02186251,0.0091
3/17/20 17:01:40,ETH/BTC,bid,0.02186195,130
3/17/20 17:01:40,ETH/BTC,bid,0.02186052,0.05
3/17/20 17:01:40,ETH/BTC,bid,0.02184991,34.8147786
3/17/20 17:01:40,ETH/BTC,bid,0.02184366,4.8885609
3/17/20 17:01:40,ETH/BTC,bid,0.02184363,4.52654436
3/17/20 17:01:40,ETH/BTC,bid,0.02183807,47
3/17/20 17:01:40,ETH/BTC,bid,0.02183264,0.00630238
3/17/20 17:01:40,ETH/BTC,bid,0.0218247,0.01248192
3/17/20 17:01:40,ETH/BTC,bid,0.02182433,0.2
3/17/20 17:01:40,ETH/BTC,bid,0.0218238,41.5
3/17/20 17:01:40,ETH/BTC,bid,0.02180845,50
3/17/20 17:01:40,ETH/BTC,bid,0.0218,32.74659999
3/17/20 17:01:40,ETH/BTC,bid,0.02179639,0.40030023
3/17/20 17:01:40,ETH/BTC,bid,0.0217942,0.81461421
3/17/20 17:01:40,ETH/BTC,bid,0.02179148,49
3/17/20 17:01:40,ETH/BTC,bid,0.02178009,0.73972375
3/17/20 17:01:40,ETH/BTC,bid,0.02177774,48
3/17/20 17:01:40,ETH/BTC,bid,0.0217631,0.01368442
3/17/20 17:01:40,ETH/BTC,bid,0.021763,0.57907871
3/17/20 17:01:40,ETH/BTC,bid,0.02176045,49
3/17/20 17:01:40,ETH/BTC,bid,0.02175882,40.67636181
3/17/20 17:01:40,ETH/BTC,bid,0.02175498,0.1331879
3/17/20 17:01:40,ETH/BTC,bid,0.02175209,0.55167113
3/17/20 17:01:40,ETH/BTC,bid,0.0217499,0.04644343
3/17/20 17:01:40,ETH/BTC,bid,0.02173852,14.73
3/17/20 17:01:40,ETH/BTC,bid,0.02173707,0.09825887
3/17/20 17:01:40,ETH/BTC,bid,0.02173628,0.03355265
3/17/20 17:01:40,ETH/BTC,bid,0.02172401,0.00633334
3/17/20 17:01:40,ETH/BTC,bid,0.02171691,0.02869842
3/17/20 17:01:40,ETH/BTC,bid,0.02171257,33.75617718
3/17/20 17:01:40,ETH/BTC,bid,0.02171256,50.96
3/17/20 17:01:40,ETH/BTC,bid,0.02170739,1.033055
3/17/20 17:01:40,ETH/BTC,bid,0.02170001,2.58533184
3/17/20 17:01:40,ETH/BTC,bid,0.0217,11.58032904
3/17/20 17:01:40,ETH/BTC,bid,0.02168639,0.40030022
3/17/20 17:01:40,ETH/BTC,bid,0.02167075,0.1777869
3/17/20 17:01:40,ETH/BTC,bid,0.02164916,31.97672758
3/17/20 17:01:40,ETH/BTC,bid,0.02164903,0.01766217
3/17/20 17:01:40,ETH/BTC,bid,0.02164226,0.14046593
3/17/20 17:01:40,ETH/BTC,ask,0.02189093,9.80492203
3/17/20 17:01:40,ETH/BTC,ask,0.02189094,3.446398
3/17/20 17:01:40,ETH/BTC,ask,0.0219,0.04
3/17/20 17:01:40,ETH/BTC,ask,0.02190425,6.40736199
3/17/20 17:01:40,ETH/BTC,ask,0.02190426,18.27656848
3/17/20 17:01:40,ETH/BTC,ask,0.02191043,130
3/17/20 17:01:40,ETH/BTC,ask,0.02191749,23.5
3/17/20 17:01:40,ETH/BTC,ask,0.02192039,0.4014997
3/17/20 17:01:40,ETH/BTC,ask,0.02193217,36.8
3/17/20 17:01:40,ETH/BTC,ask,0.02194444,1.37106559
3/17/20 17:01:40,ETH/BTC,ask,0.02194445,3
3/17/20 17:01:40,ETH/BTC,ask,0.02194667,50.95
3/17/20 17:01:40,ETH/BTC,ask,0.02195667,0.2
3/17/20 17:01:40,ETH/BTC,ask,0.02195887,14.73
3/17/20 17:01:40,ETH/BTC,ask,0.02196,0.0199982
3/17/20 17:01:40,ETH/BTC,ask,0.02196165,37.7
3/17/20 17:01:40,ETH/BTC,ask,0.02197627,25.4
3/17/20 17:01:40,ETH/BTC,ask,0.02199398,4.94993079
3/17/20 17:01:40,ETH/BTC,ask,0.021998,0.01251984
3/17/20 17:01:40,ETH/BTC,ask,0.02201782,0.17
3/17/20 17:01:40,ETH/BTC,ask,0.02202912,1.13550823
3/17/20 17:01:40,ETH/BTC,ask,0.02204899,0.4
3/17/20 17:01:40,ETH/BTC,ask,0.02205152,0.00623928
3/17/20 17:01:40,ETH/BTC,ask,0.02205403,508.55
3/17/20 17:01:40,ETH/BTC,ask,0.0220972,0.01263333
3/17/20 17:01:40,ETH/BTC,ask,0.02210103,0.00019101
3/17/20 17:01:40,ETH/BTC,ask,0.02210226,0.086064
3/17/20 17:01:40,ETH/BTC,ask,0.02210655,6.90840309
3/17/20 17:01:40,ETH/BTC,ask,0.02210752,1.24905905
3/17/20 17:01:40,ETH/BTC,ask,0.02214279,29.69245418
3/17/20 17:01:40,ETH/BTC,ask,0.0221428,0.01274004
3/17/20 17:01:40,ETH/BTC,ask,0.02215,0.0697053
3/17/20 17:01:40,ETH/BTC,ask,0.0221597,0.4
3/17/20 17:01:40,ETH/BTC,ask,0.02216178,0.00620832
3/17/20 17:01:40,ETH/BTC,ask,0.02218591,1.37396496
3/17/20 17:01:40,ETH/BTC,ask,0.0221898,0.01286127
3/17/20 17:01:40,ETH/BTC,ask,0.02222318,0.0092
3/17/20 17:01:40,ETH/BTC,ask,0.02222991,0.5
3/17/20 17:01:40,ETH/BTC,ask,0.02223142,0.086064
3/17/20 17:01:40,ETH/BTC,ask,0.022234,0.19992
3/17/20 17:01:40,ETH/BTC,ask,0.02224422,0.05
3/17/20 17:01:40,ETH/BTC,ask,0.02225,0.05746774
3/17/20 17:01:40,ETH/BTC,ask,0.02226116,0.12491728
3/17/20 17:01:40,ETH/BTC,ask,0.02226117,0.05
3/17/20 17:01:40,ETH/BTC,ask,0.02226156,0.68965079
3/17/20 17:01:40,ETH/BTC,ask,0.02226177,0.05
3/17/20 17:01:40,ETH/BTC,ask,0.02226431,1.51136146
3/17/20 17:01:40,ETH/BTC,ask,0.02227,1
3/17/20 17:01:40,ETH/BTC,ask,0.02227042,0.4
3/17/20 17:01:40,ETH/BTC,ask,0.02227259,0.00617736
3/17/20 17:01:40,DOGE/BTC,bid,0.0000003,29468687.92
3/17/20 17:01:40,DOGE/BTC,bid,0.00000029,29354859.32
3/17/20 17:01:40,DOGE/BTC,bid,0.00000028,33183658.84
3/17/20 17:01:40,DOGE/BTC,bid,0.00000027,70492155.16
3/17/20 17:01:40,DOGE/BTC,bid,0.00000026,47973630.8
3/17/20 17:01:40,DOGE/BTC,bid,0.00000025,54375270.3
3/17/20 17:01:40,DOGE/BTC,bid,0.00000024,43578159.04
3/17/20 17:01:40,DOGE/BTC,bid,0.00000023,55039906.02
3/17/20 17:01:40,DOGE/BTC,bid,0.00000022,35101189.03
3/17/20 17:01:40,DOGE/BTC,bid,0.00000021,17487929.46
3/17/20 17:01:40,DOGE/BTC,bid,0.0000002,23948681.09
3/17/20 17:01:40,DOGE/BTC,bid,0.00000019,9908337.092
3/17/20 17:01:40,DOGE/BTC,bid,0.00000018,17140674.94
3/17/20 17:01:40,DOGE/BTC,bid,0.00000017,10816395.01
3/17/20 17:01:40,DOGE/BTC,bid,0.00000016,18698273.51
3/17/20 17:01:40,DOGE/BTC,bid,0.00000015,16277969.48
3/17/20 17:01:40,DOGE/BTC,bid,0.00000014,102751129.1
3/17/20 17:01:40,DOGE/BTC,bid,0.00000013,31727762.77
3/17/20 17:01:40,DOGE/BTC,bid,0.00000012,19995159.83
3/17/20 17:01:40,DOGE/BTC,bid,0.00000011,28995182.73
3/17/20 17:01:40,DOGE/BTC,bid,0.0000001,23774671.46
3/17/20 17:01:40,DOGE/BTC,bid,0.00000009,12981604.44
3/17/20 17:01:40,DOGE/BTC,bid,0.00000008,17423077.38
3/17/20 17:01:40,DOGE/BTC,bid,0.00000007,15265749.14
3/17/20 17:01:40,DOGE/BTC,bid,0.00000006,17737965.33
3/17/20 17:01:40,DOGE/BTC,bid,0.00000005,1334531.94
3/17/20 17:01:40,DOGE/BTC,bid,0.00000004,316250
3/17/20 17:01:40,DOGE/BTC,bid,0.00000003,37081819
3/17/20 17:01:40,DOGE/BTC,bid,0.00000002,148187044.4
3/17/20 17:01:40,DOGE/BTC,bid,0.00000001,31940498
3/17/20 17:01:40,DOGE/BTC,ask,0.00000031,11905712.11
3/17/20 17:01:40,DOGE/BTC,ask,0.00000032,41260944.22
3/17/20 17:01:40,DOGE/BTC,ask,0.00000033,23594827.9
3/17/20 17:01:40,DOGE/BTC,ask,0.00000034,21810537.67
3/17/20 17:01:40,DOGE/BTC,ask,0.00000035,18263184.26
3/17/20 17:01:40,DOGE/BTC,ask,0.00000036,5679965.568
3/17/20 17:01:40,DOGE/BTC,ask,0.00000037,13314388.74
3/17/20 17:01:40,DOGE/BTC,ask,0.00000038,7712660.475
3/17/20 17:01:40,DOGE/BTC,ask,0.00000039,20443826.38
3/17/20 17:01:40,DOGE/BTC,ask,0.0000004,18956753.4
3/17/20 17:01:40,DOGE/BTC,ask,0.00000041,4835576.607
3/17/20 17:01:40,DOGE/BTC,ask,0.00000042,5952282.441
3/17/20 17:01:40,DOGE/BTC,ask,0.00000043,3501920.432
3/17/20 17:01:40,DOGE/BTC,ask,0.00000044,14582197.4
3/17/20 17:01:40,DOGE/BTC,ask,0.00000045,4614626.46
3/17/20 17:01:40,DOGE/BTC,ask,0.00000046,2880183.059
3/17/20 17:01:40,DOGE/BTC,ask,0.00000047,10796386.7
3/17/20 17:01:40,DOGE/BTC,ask,0.00000048,10993658.99
3/17/20 17:01:40,DOGE/BTC,ask,0.00000049,11470242.69
3/17/20 17:01:40,DOGE/BTC,ask,0.0000005,9822169.521
3/17/20 17:01:40,DOGE/BTC,ask,0.00000051,6596323.581
3/17/20 17:01:40,DOGE/BTC,ask,0.00000052,4513618.074
3/17/20 17:01:40,DOGE/BTC,ask,0.00000053,9635813.612
3/17/20 17:01:40,DOGE/BTC,ask,0.00000054,7066622.925
3/17/20 17:01:40,DOGE/BTC,ask,0.00000055,7494963.956
3/17/20 17:01:40,DOGE/BTC,ask,0.00000056,23053312.76
3/17/20 17:01:40,DOGE/BTC,ask,0.00000057,5490128.617
3/17/20 17:01:40,DOGE/BTC,ask,0.00000058,22647865.09
3/17/20 17:01:40,DOGE/BTC,ask,0.00000059,6597647.838
3/17/20 17:01:40,DOGE/BTC,ask,0.0000006,27239374.62
3/17/20 17:01:40,DOGE/BTC,ask,0.00000061,1768636.834
3/17/20 17:01:40,DOGE/BTC,ask,0.00000062,24668402.37
3/17/20 17:01:40,DOGE/BTC,ask,0.00000063,8128739.155
3/17/20 17:01:40,DOGE/BTC,ask,0.00000064,24019776.38
3/17/20 17:01:40,DOGE/BTC,ask,0.00000065,4968243.757
3/17/20 17:01:40,DOGE/BTC,ask,0.00000066,27514366.54
3/17/20 17:01:40,DOGE/BTC,ask,0.00000067,4397588.341
3/17/20 17:01:40,DOGE/BTC,ask,0.00000068,2235573.188
3/17/20 17:01:40,DOGE/BTC,ask,0.00000069,5909908.29
3/17/20 17:01:40,DOGE/BTC,ask,0.0000007,34897322.78
3/17/20 17:01:40,DOGE/BTC,ask,0.00000071,2764354.163
3/17/20 17:01:40,DOGE/BTC,ask,0.00000072,1845992.079
3/17/20 17:01:40,DOGE/BTC,ask,0.00000073,7369552.12
3/17/20 17:01:40,DOGE/BTC,ask,0.00000074,5257917.544
3/17/20 17:01:40,DOGE/BTC,ask,0.00000075,33854092.47
3/17/20 17:01:40,DOGE/BTC,ask,0.00000076,3010444.329
3/17/20 17:01:40,DOGE/BTC,ask,0.00000077,1924792.465
3/17/20 17:01:40,DOGE/BTC,ask,0.00000078,16607624.91
3/17/20 17:01:40,DOGE/BTC,ask,0.00000079,7917339.502
3/17/20 17:01:40,DOGE/BTC,ask,0.0000008,49152265.03
3/17/20 17:01:40,BTC/USDT,bid,5359.105801,0.4973158
3/17/20 17:01:40,BTC/USDT,bid,5359.1057,0.05
3/17/20 17:01:40,BTC/USDT,bid,5359.10569,0.20493082
3/17/20 17:01:40,BTC/USDT,bid,5358.934228,0.5132678
3/17/20 17:01:40,BTC/USDT,bid,5358.279967,2.44535
3/17/20 17:01:40,BTC/USDT,bid,5356.410294,6.3
3/17/20 17:01:40,BTC/USDT,bid,5355.105033,0.11
3/17/20 17:01:40,BTC/USDT,bid,5348.83048,0.011
3/17/20 17:01:40,BTC/USDT,bid,5348.427192,0.00080843
3/17/20 17:01:40,BTC/USDT,bid,5347.105033,0.05353925
3/17/20 17:01:40,BTC/USDT,bid,5342.207739,0.00189091
3/17/20 17:01:40,BTC/USDT,bid,5341.871287,0.0579
3/17/20 17:01:40,BTC/USDT,bid,5338.485204,0.0694
3/17/20 17:01:40,BTC/USDT,bid,5338,0.005
3/17/20 17:01:40,BTC/USDT,bid,5338,0.4284
3/17/20 17:01:40,BTC/USDT,bid,5338,0.00187337
3/17/20 17:01:40,BTC/USDT,bid,5331.496293,1.96703549
3/17/20 17:01:40,BTC/USDT,bid,5328.116231,1.3907
3/17/20 17:01:40,BTC/USDT,bid,5327.516873,0.0438737
3/17/20 17:01:40,BTC/USDT,bid,5327.462907,0.00024266
3/17/20 17:01:40,BTC/USDT,bid,5323.83418,0.001
3/17/20 17:01:40,BTC/USDT,bid,5321,0.05638038
3/17/20 17:01:40,BTC/USDT,bid,5321,3.35
3/17/20 17:01:40,BTC/USDT,bid,5319.450228,0.1742867
3/17/20 17:01:40,BTC/USDT,bid,5319.450228,0.00020075
3/17/20 17:01:40,BTC/USDT,bid,5315.647749,0.00027634
3/17/20 17:01:40,BTC/USDT,bid,5315.223206,0.0064523
3/17/20 17:01:40,BTC/USDT,bid,5314.154437,0.000268
3/17/20 17:01:40,BTC/USDT,bid,5309.567052,0.00020075
3/17/20 17:01:40,BTC/USDT,bid,5308.704103,0.00161787
3/17/20 17:01:40,BTC/USDT,bid,5307,0.00018862
3/17/20 17:01:40,BTC/USDT,bid,5306.829046,0.01884365
3/17/20 17:01:40,BTC/USDT,bid,5305.930565,0.33208668
3/17/20 17:01:40,BTC/USDT,bid,5305.930564,0.00030859
3/17/20 17:01:40,BTC/USDT,bid,5305.2265,0.002
3/17/20 17:01:40,BTC/USDT,bid,5302.212481,0.00377201
3/17/20 17:01:40,BTC/USDT,bid,5300.71346,14.1319
3/17/20 17:01:40,BTC/USDT,bid,5300,0.00207548
3/17/20 17:01:40,BTC/USDT,bid,5299.683875,0.00020075
3/17/20 17:01:40,BTC/USDT,bid,5292.41384,0.001
3/17/20 17:01:40,BTC/USDT,bid,5290.6,0.001
3/17/20 17:01:40,BTC/USDT,bid,5290.276803,0.00903071
3/17/20 17:01:40,BTC/USDT,bid,5290,1
3/17/20 17:01:40,BTC/USDT,bid,5289.800699,0.00020075
3/17/20 17:01:40,BTC/USDT,bid,5289.327667,0.10245671
3/17/20 17:01:40,BTC/USDT,bid,5286.476549,0.000283
3/17/20 17:01:40,BTC/USDT,bid,5286.299399,0.0008359
3/17/20 17:01:40,BTC/USDT,bid,5285.241995,0.0094603
3/17/20 17:01:40,BTC/USDT,bid,5284.37507,0.0064523
3/17/20 17:01:40,BTC/USDT,bid,5284.359859,0.0058136
3/17/20 17:01:40,BTC/USDT,ask,5360.143234,0.00838081
3/17/20 17:01:40,BTC/USDT,ask,5362.105979,0.22890359
3/17/20 17:01:40,BTC/USDT,ask,5362.12629,0.05361842
3/17/20 17:01:40,BTC/USDT,ask,5366.417715,0.31
3/17/20 17:01:40,BTC/USDT,ask,5367.053815,0.04579999
3/17/20 17:01:40,BTC/USDT,ask,5367.641115,0.01
3/17/20 17:01:40,BTC/USDT,ask,5368.777963,6.3
3/17/20 17:01:40,BTC/USDT,ask,5369,0.00186254
3/17/20 17:01:40,BTC/USDT,ask,5369.2735,0.002
3/17/20 17:01:40,BTC/USDT,ask,5370.144122,0.00931073
3/17/20 17:01:40,BTC/USDT,ask,5370.253774,0.00024073
3/17/20 17:01:40,BTC/USDT,ask,5371.882145,0.00993653
3/17/20 17:01:40,BTC/USDT,ask,5375,0.00018605
3/17/20 17:01:40,BTC/USDT,ask,5377.460766,0.0064523
3/17/20 17:01:40,BTC/USDT,ask,5378.945825,0.4284
3/17/20 17:01:40,BTC/USDT,ask,5380.25906,1.53460045
3/17/20 17:01:40,BTC/USDT,ask,5381.725926,1.3906
3/17/20 17:01:40,BTC/USDT,ask,5381.871878,0.0008
3/17/20 17:01:40,BTC/USDT,ask,5385,5.0194056
3/17/20 17:01:40,BTC/USDT,ask,5385.079169,0.88506963
3/17/20 17:01:40,BTC/USDT,ask,5385.506698,0.00766
3/17/20 17:01:40,BTC/USDT,ask,5385.620597,3.00459508
3/17/20 17:01:40,BTC/USDT,ask,5387.18544,0.01426
3/17/20 17:01:40,BTC/USDT,ask,5388.10582,0.001
3/17/20 17:01:40,BTC/USDT,ask,5390,0.26905092
3/17/20 17:01:40,BTC/USDT,ask,5392.328562,0.00020057
3/17/20 17:01:40,BTC/USDT,ask,5394.380107,0.00027378
3/17/20 17:01:40,BTC/USDT,ask,5395,0.73293336
3/17/20 17:01:40,BTC/USDT,ask,5395,1.36185087
3/17/20 17:01:40,BTC/USDT,ask,5395.59766,0.0011025
3/17/20 17:01:40,BTC/USDT,ask,5400,0.14371419
3/17/20 17:01:40,BTC/USDT,ask,5400.331516,0.0384
3/17/20 17:01:40,BTC/USDT,ask,5405.417669,0.00423615
3/17/20 17:01:40,BTC/USDT,ask,5406.306735,0.01366
3/17/20 17:01:40,BTC/USDT,ask,5406.520422,2.92760636
3/17/20 17:01:40,BTC/USDT,ask,5408.8523,0.0064523
3/17/20 17:01:40,BTC/USDT,ask,5409.927025,0.00762601
3/17/20 17:01:40,BTC/USDT,ask,5411.995972,0.0074
3/17/20 17:01:40,BTC/USDT,ask,5412,0.005425
3/17/20 17:01:40,BTC/USDT,ask,5412.036397,14.1318
3/17/20 17:01:40,BTC/USDT,ask,5413.105275,0.00923684
3/17/20 17:01:40,BTC/USDT,ask,5414,0.00018766
3/17/20 17:01:40,BTC/USDT,ask,5418.517248,0.70020537
3/17/20 17:01:40,BTC/USDT,ask,5418.517248,0.00072134
3/17/20 17:01:40,BTC/USDT,ask,5429.634264,0.0384
3/17/20 17:01:40,BTC/USDT,ask,5430.265434,0.02431211
3/17/20 17:01:40,BTC/USDT,ask,5434.074859,0.01847059
3/17/20 17:01:40,BTC/USDT,ask,5440.427085,0.0064523
3/17/20 17:01:40,BTC/USDT,ask,5452.796181,0.00745308
3/17/20 17:01:40,BTC/USDT,ask,5456.410117,0.00916353
3/17/20 17:01:40,ETH/USDT,bid,117.1521245,0.39744951
3/17/20 17:01:40,ETH/USDT,bid,117.1521244,16.0345028
3/17/20 17:01:40,ETH/USDT,bid,117.1521244,6
3/17/20 17:01:40,ETH/USDT,bid,117.07,30.8
3/17/20 17:01:40,ETH/USDT,bid,117.0639188,6
3/17/20 17:01:40,ETH/USDT,bid,117.0639187,5.46709
3/17/20 17:01:40,ETH/USDT,bid,116.9136738,18
3/17/20 17:01:40,ETH/USDT,bid,116.9136738,34.5693572
3/17/20 17:01:40,ETH/USDT,bid,116.8083787,2.30874594
3/17/20 17:01:40,ETH/USDT,bid,116.8074564,0.05
3/17/20 17:01:40,ETH/USDT,bid,116.7013776,4.24497827
3/17/20 17:01:40,ETH/USDT,bid,116.6949153,0.659511
3/17/20 17:01:40,ETH/USDT,bid,116.6204908,0.00910475
3/17/20 17:01:40,ETH/USDT,bid,116.5694807,89.96559301
3/17/20 17:01:40,ETH/USDT,bid,116.3090524,14.56
3/17/20 17:01:40,ETH/USDT,bid,116.27,3.41093589
3/17/20 17:01:40,ETH/USDT,bid,116.2693539,0.00913224
3/17/20 17:01:40,ETH/USDT,bid,116.2494316,7.97517367
3/17/20 17:01:40,ETH/USDT,bid,116.2494316,2.58065778
3/17/20 17:01:40,ETH/USDT,bid,116.2494316,0.05633954
3/17/20 17:01:40,ETH/USDT,bid,116.0984838,15.22326243
3/17/20 17:01:40,ETH/USDT,bid,116.0984838,49.01
3/17/20 17:01:40,ETH/USDT,bid,116.0169492,0.659511
3/17/20 17:01:40,ETH/USDT,bid,116,0.08620689
3/17/20 17:01:40,ETH/USDT,bid,115.9469432,0.01263333
3/17/20 17:01:40,ETH/USDT,bid,115.9028272,0.25883751
3/17/20 17:01:40,ETH/USDT,bid,115.815915,0.02426799
3/17/20 17:01:40,ETH/USDT,bid,115.4234714,512.64
3/17/20 17:01:40,ETH/USDT,bid,115.3389831,0.659511
3/17/20 17:01:40,ETH/USDT,bid,115.2437536,252.76
3/17/20 17:01:40,ETH/USDT,bid,115,1.87168482
3/17/20 17:01:40,ETH/USDT,bid,114.9829635,0.26090821
3/17/20 17:01:40,ETH/USDT,bid,114.7,0.00872711
3/17/20 17:01:40,ETH/USDT,bid,114.6610169,0.659511
3/17/20 17:01:40,ETH/USDT,bid,114.3,0.1
3/17/20 17:01:40,ETH/USDT,bid,114.130002,0.9476005
3/17/20 17:01:40,ETH/USDT,bid,114.0704003,0.26299548
3/17/20 17:01:40,ETH/USDT,bid,114,13.59210526
3/17/20 17:01:40,ETH/USDT,bid,113.9830508,0.659511
3/17/20 17:01:40,ETH/USDT,bid,113.9554521,0.02426799
3/17/20 17:01:40,ETH/USDT,bid,113.7927595,0.01286127
3/17/20 17:01:40,ETH/USDT,bid,113.5,27.7506608
3/17/20 17:01:40,ETH/USDT,bid,113.4923569,245.39
3/17/20 17:01:40,ETH/USDT,bid,113.4464861,0.45684192
3/17/20 17:01:40,ETH/USDT,bid,113.3050847,0.659511
3/17/20 17:01:40,ETH/USDT,bid,113.3,0.1
3/17/20 17:01:40,ETH/USDT,bid,113.2440235,276.6838495
3/17/20 17:01:40,ETH/USDT,bid,113.2013898,101
3/17/20 17:01:40,ETH/USDT,bid,113.2007045,7.06640297
3/17/20 17:01:40,ETH/USDT,bid,113.1650796,0.26509944
3/17/20 17:01:40,ETH/USDT,ask,117.44,40
3/17/20 17:01:40,ETH/USDT,ask,117.4885672,0.00903748
3/17/20 17:01:40,ETH/USDT,ask,117.5058455,1.37106559
3/17/20 17:01:40,ETH/USDT,ask,117.5058455,122.0517695
3/17/20 17:01:40,ETH/USDT,ask,117.7368324,65.79249881
3/17/20 17:01:40,ETH/USDT,ask,117.7368325,14.55
3/17/20 17:01:40,ETH/USDT,ask,117.7368325,0.12957599
3/17/20 17:01:40,ETH/USDT,ask,117.7646902,0.25474528
3/17/20 17:01:40,ETH/USDT,ask,117.8397041,0.00901055
3/17/20 17:01:40,ETH/USDT,ask,117.9665528,4.94993079
3/17/20 17:01:40,ETH/USDT,ask,118,0.5
3/17/20 17:01:40,ETH/USDT,ask,118.0508475,0.64151446
3/17/20 17:01:40,ETH/USDT,ask,118.6426723,29.64224987
3/17/20 17:01:40,ETH/USDT,ask,118.6426723,512.63
3/17/20 17:01:40,ETH/USDT,ask,118.6426726,0.01248192
3/17/20 17:01:40,ETH/USDT,ask,118.7068077,0.2527235
3/17/20 17:01:40,ETH/USDT,ask,118.7288136,0.659511
3/17/20 17:01:40,ETH/USDT,ask,119,20
3/17/20 17:01:40,ETH/USDT,ask,119.393462,0.08466948
3/17/20 17:01:40,ETH/USDT,ask,119.4067797,0.659511
3/17/20 17:01:40,ETH/USDT,ask,119.6284598,0.02426799
3/17/20 17:01:40,ETH/USDT,ask,119.638261,0.01671707
3/17/20 17:01:40,ETH/USDT,ask,119.6564622,0.25071775
3/17/20 17:01:40,ETH/USDT,ask,119.7041775,0.05
3/17/20 17:01:40,ETH/USDT,ask,119.889,1.34108256
3/17/20 17:01:40,ETH/USDT,ask,119.9,0.10847385
3/17/20 17:01:40,ETH/USDT,ask,120,95.98132134
3/17/20 17:01:40,ETH/USDT,ask,120.0847458,0.659511
3/17/20 17:01:40,ETH/USDT,ask,120.2,0.1
3/17/20 17:01:40,ETH/USDT,ask,120.2623132,0.25
3/17/20 17:01:40,ETH/USDT,ask,120.5,0.59955
3/17/20 17:01:40,ETH/USDT,ask,120.5855444,0.01658574
3/17/20 17:01:40,ETH/USDT,ask,120.6137139,0.24872793
3/17/20 17:01:40,ETH/USDT,ask,120.638261,0.01671707
3/17/20 17:01:40,ETH/USDT,ask,120.6461675,0.01228126
3/17/20 17:01:40,ETH/USDT,ask,120.68,2
3/17/20 17:01:40,ETH/USDT,ask,120.7627119,0.659511
3/17/20 17:01:40,ETH/USDT,ask,120.8390505,38.82819684
3/17/20 17:01:40,ETH/USDT,ask,120.8455569,0.12130248
3/17/20 17:01:40,ETH/USDT,ask,120.8855444,0.01658574
3/17/20 17:01:40,ETH/USDT,ask,120.9,0.1
3/17/20 17:01:40,ETH/USDT,ask,120.9347855,0.13778321
3/17/20 17:01:40,ETH/USDT,ask,120.938261,0.01671707
3/17/20 17:01:40,ETH/USDT,ask,120.9392567,0.01225042
3/17/20 17:01:40,ETH/USDT,ask,120.99,0.03330281
3/17/20 17:01:40,ETH/USDT,ask,121,0.0218097
3/17/20 17:01:40,ETH/USDT,ask,121.0163716,100.99
3/17/20 17:01:40,ETH/USDT,ask,121.0993293,0.01651537
3/17/20 17:01:40,ETH/USDT,ask,121.41708,0.08325833
3/17/20 17:01:40,ETH/USDT,ask,121.440678,0.659511
3/17/20 17:01:40,DOGE/USDT,bid,0.00163451,24426.40101
3/17/20 17:01:40,DOGE/USDT,bid,0.00163433,10561.52181
3/17/20 17:01:40,DOGE/USDT,bid,0.00163432,390888.8409
3/17/20 17:01:40,DOGE/USDT,bid,0.00163333,657.5696301
3/17/20 17:01:40,DOGE/USDT,bid,0.00161701,858476
3/17/20 17:01:40,DOGE/USDT,bid,0.001617,619.0476252
3/17/20 17:01:40,DOGE/USDT,bid,0.00161296,399936
3/17/20 17:01:40,DOGE/USDT,bid,0.0016,1320.512756
3/17/20 17:01:40,DOGE/USDT,bid,0.00159663,407335
3/17/20 17:01:40,DOGE/USDT,bid,0.00158102,157647
3/17/20 17:01:40,DOGE/USDT,bid,0.001581,633.1435863
3/17/20 17:01:40,DOGE/USDT,bid,0.00154985,159055
3/17/20 17:01:40,DOGE/USDT,bid,0.00154639,1940.002199
3/17/20 17:01:40,DOGE/USDT,bid,0.00154602,81437
3/17/20 17:01:40,DOGE/USDT,bid,0.001546,647.4773674
3/17/20 17:01:40,DOGE/USDT,bid,0.001512,4630.291012
3/17/20 17:01:40,DOGE/USDT,bid,0.00147901,7413.211621
3/17/20 17:01:40,DOGE/USDT,bid,0.001479,676.8086613
3/17/20 17:01:40,DOGE/USDT,bid,0.00147501,50050
3/17/20 17:01:40,DOGE/USDT,bid,0.00145374,1972.551
3/17/20 17:01:40,DOGE/USDT,bid,0.00145001,50050
3/17/20 17:01:40,DOGE/USDT,bid,0.00144601,7607.139646
3/17/20 17:01:40,DOGE/USDT,bid,0.001446,692.2545021
3/17/20 17:01:40,DOGE/USDT,bid,0.00141502,212011.1377
3/17/20 17:01:40,DOGE/USDT,bid,0.00141501,655196.3633
3/17/20 17:01:40,DOGE/USDT,bid,0.001415,707.4205018
3/17/20 17:01:40,DOGE/USDT,bid,0.00140001,45045
3/17/20 17:01:40,DOGE/USDT,bid,0.0014,1434.286429
3/17/20 17:01:40,DOGE/USDT,bid,0.001384,723.2659032
3/17/20 17:01:40,DOGE/USDT,bid,0.00137857,6065
3/17/20 17:01:40,DOGE/USDT,bid,0.001333,500000
3/17/20 17:01:40,DOGE/USDT,bid,0.001331,751314.8009
3/17/20 17:01:40,DOGE/USDT,bid,0.0013,90584.73618
3/17/20 17:01:40,DOGE/USDT,bid,0.0012736,888
3/17/20 17:01:40,DOGE/USDT,bid,0.00126388,5209.68879
3/17/20 17:01:40,DOGE/USDT,bid,0.0012,274556.4891
3/17/20 17:01:40,DOGE/USDT,bid,0.0011,25909.09182
3/17/20 17:01:40,DOGE/USDT,bid,0.00108,501137.4653
3/17/20 17:01:40,DOGE/USDT,bid,0.001001,1001
3/17/20 17:01:40,DOGE/USDT,bid,0.001,210000
3/17/20 17:01:40,DOGE/USDT,bid,0.00099999,10000
3/17/20 17:01:40,DOGE/USDT,bid,0.00090001,28254.54597
3/17/20 17:01:40,DOGE/USDT,bid,0.0009,34382.18556
3/17/20 17:01:40,DOGE/USDT,bid,0.00088888,433129.3313
3/17/20 17:01:40,DOGE/USDT,bid,0.00080618,1252.82195
3/17/20 17:01:40,DOGE/USDT,bid,0.000501,2001
3/17/20 17:01:40,DOGE/USDT,bid,0.00028,7142.857143
3/17/20 17:01:40,DOGE/USDT,bid,0.00010287,39786.51444
3/17/20 17:01:40,DOGE/USDT,bid,0.000101,100000
3/17/20 17:01:40,DOGE/USDT,bid,0.0001,100000
3/17/20 17:01:40,DOGE/USDT,ask,0.00165352,11542.68323
3/17/20 17:01:40,DOGE/USDT,ask,0.00165353,387050.7339
3/17/20 17:01:40,DOGE/USDT,ask,0.00166,8000
3/17/20 17:01:40,DOGE/USDT,ask,0.00167,8000
3/17/20 17:01:40,DOGE/USDT,ask,0.00168,8056
3/17/20 17:01:40,DOGE/USDT,ask,0.00168913,100607.2991
3/17/20 17:01:40,DOGE/USDT,ask,0.00169,8601.192314
3/17/20 17:01:40,DOGE/USDT,ask,0.00169998,8000
3/17/20 17:01:40,DOGE/USDT,ask,0.00169999,50000
3/17/20 17:01:40,DOGE/USDT,ask,0.0017,630
3/17/20 17:01:40,DOGE/USDT,ask,0.001728,587.9716494
3/17/20 17:01:40,DOGE/USDT,ask,0.00173333,146711.3363
3/17/20 17:01:40,DOGE/USDT,ask,0.00174999,50000
3/17/20 17:01:40,DOGE/USDT,ask,0.00176666,625
3/17/20 17:01:40,DOGE/USDT,ask,0.001767,574.9943464
3/17/20 17:01:40,DOGE/USDT,ask,0.00178195,566.793853
3/17/20 17:01:40,DOGE/USDT,ask,0.001799,561.4213994
3/17/20 17:01:40,DOGE/USDT,ask,0.00179999,50000
3/17/20 17:01:40,DOGE/USDT,ask,0.001807,562.2661927
3/17/20 17:01:40,DOGE/USDT,ask,0.00182458,553.5510059
3/17/20 17:01:40,DOGE/USDT,ask,0.00183333,610
3/17/20 17:01:40,DOGE/USDT,ask,0.00184521,10000
3/17/20 17:01:40,DOGE/USDT,ask,0.001848,549.7916722
3/17/20 17:01:40,DOGE/USDT,ask,0.00185,51401.81537
3/17/20 17:01:40,DOGE/USDT,ask,0.001855,1617.250674
3/17/20 17:01:40,DOGE/USDT,ask,0.00186,10000
3/17/20 17:01:40,DOGE/USDT,ask,0.00186375,3842.088
3/17/20 17:01:40,DOGE/USDT,ask,0.00186666,605
3/17/20 17:01:40,DOGE/USDT,ask,0.00187211,12891.08358
3/17/20 17:01:40,DOGE/USDT,ask,0.001889,537.8586608
3/17/20 17:01:40,DOGE/USDT,ask,0.00189515,659.505
3/17/20 17:01:40,DOGE/USDT,ask,0.0019,600
3/17/20 17:01:40,DOGE/USDT,ask,0.00192,734.0887253
3/17/20 17:01:40,DOGE/USDT,ask,0.00193,40572.52874
3/17/20 17:01:40,DOGE/USDT,ask,0.001932,1525.887686
3/17/20 17:01:40,DOGE/USDT,ask,0.00195,4131.884597
3/17/20 17:01:40,DOGE/USDT,ask,0.00195967,11427.61438
3/17/20 17:01:40,DOGE/USDT,ask,0.0019692,1234.62435
3/17/20 17:01:40,DOGE/USDT,ask,0.00197106,734.0887253
3/17/20 17:01:40,DOGE/USDT,ask,0.001974,19982
3/17/20 17:01:40,DOGE/USDT,ask,0.001975,514.4379798
3/17/20 17:01:40,DOGE/USDT,ask,0.00199,50540.80152
3/17/20 17:01:40,DOGE/USDT,ask,0.002,4206.668904
3/17/20 17:01:40,DOGE/USDT,ask,0.00200996,687
3/17/20 17:01:40,DOGE/USDT,ask,0.00201,3502
3/17/20 17:01:40,DOGE/USDT,ask,0.00202,1003.977728
3/17/20 17:01:40,DOGE/USDT,ask,0.002025,505
3/17/20 17:01:40,DOGE/USDT,ask,0.00203,500
3/17/20 17:01:40,DOGE/USDT,ask,0.00203333,500
3/17/20 17:01:40,DOGE/USDT,ask,0.00204,500
3/17/20 17:01:45,ETH/BTC,bid,0.021889,48.421
3/17/20 17:01:45,ETH/BTC,bid,0.02188401,7.44192988
3/17/20 17:01:45,ETH/BTC,bid,0.02187312,6.85389313
3/17/20 17:01:45,ETH/BTC,bid,0.02187311,3.463928
3/17/20 17:01:45,ETH/BTC,bid,0.0218731,9.13685695
3/17/20 17:01:45,ETH/BTC,bid,0.02187309,7.94501472
3/17/20 17:01:45,ETH/BTC,bid,0.021873,1
3/17/20 17:01:45,ETH/BTC,bid,0.02187163,0.03322569
3/17/20 17:01:45,ETH/BTC,bid,0.02187011,6
3/17/20 17:01:45,ETH/BTC,bid,0.0218701,9.13884513
3/17/20 17:01:45,ETH/BTC,bid,0.02187008,0.21
3/17/20 17:01:45,ETH/BTC,bid,0.02186299,0.1
3/17/20 17:01:45,ETH/BTC,bid,0.02186251,0.0091
3/17/20 17:01:45,ETH/BTC,bid,0.02186052,0.05
3/17/20 17:01:45,ETH/BTC,bid,0.02185296,130
3/17/20 17:01:45,ETH/BTC,bid,0.02184991,34.8147786
3/17/20 17:01:45,ETH/BTC,bid,0.02184366,4.8885609
3/17/20 17:01:45,ETH/BTC,bid,0.02184363,4.52654436
3/17/20 17:01:45,ETH/BTC,bid,0.02183807,47
3/17/20 17:01:45,ETH/BTC,bid,0.02183264,0.00630238
3/17/20 17:01:45,ETH/BTC,bid,0.0218247,0.01248192
3/17/20 17:01:45,ETH/BTC,bid,0.0218238,41.5
3/17/20 17:01:45,ETH/BTC,bid,0.02182333,0.2
3/17/20 17:01:45,ETH/BTC,bid,0.02180845,50
3/17/20 17:01:45,ETH/BTC,bid,0.0218,32.74659999
3/17/20 17:01:45,ETH/BTC,bid,0.02179639,0.40030023
3/17/20 17:01:45,ETH/BTC,bid,0.0217942,0.81461421
3/17/20 17:01:45,ETH/BTC,bid,0.02179148,49
3/17/20 17:01:45,ETH/BTC,bid,0.02178009,0.73972375
3/17/20 17:01:45,ETH/BTC,bid,0.02177774,48
3/17/20 17:01:45,ETH/BTC,bid,0.0217631,0.01368442
3/17/20 17:01:45,ETH/BTC,bid,0.021763,0.57907871
3/17/20 17:01:45,ETH/BTC,bid,0.02175882,40.67636181
3/17/20 17:01:45,ETH/BTC,bid,0.02175498,0.1331879
3/17/20 17:01:45,ETH/BTC,bid,0.02175209,0.55167113
3/17/20 17:01:45,ETH/BTC,bid,0.0217499,0.04644343
3/17/20 17:01:45,ETH/BTC,bid,0.02173852,14.73
3/17/20 17:01:45,ETH/BTC,bid,0.02173707,0.09825887
3/17/20 17:01:45,ETH/BTC,bid,0.02173628,0.03355265
3/17/20 17:01:45,ETH/BTC,bid,0.02172401,0.00633334
3/17/20 17:01:45,ETH/BTC,bid,0.02171692,2.57744056
3/17/20 17:01:45,ETH/BTC,bid,0.02171691,0.02869842
3/17/20 17:01:45,ETH/BTC,bid,0.02171257,33.75617718
3/17/20 17:01:45,ETH/BTC,bid,0.02171256,50.96
3/17/20 17:01:45,ETH/BTC,bid,0.02170739,1.033055
3/17/20 17:01:45,ETH/BTC,bid,0.0217,11.58032904
3/17/20 17:01:45,ETH/BTC,bid,0.02168639,0.40030022
3/17/20 17:01:45,ETH/BTC,bid,0.02167075,0.1777869
3/17/20 17:01:45,ETH/BTC,bid,0.02164917,31.93750047
3/17/20 17:01:45,ETH/BTC,bid,0.02164903,0.01766217
3/17/20 17:01:45,ETH/BTC,ask,0.02189999,9.80492203
3/17/20 17:01:45,ETH/BTC,ask,0.0219,0.04
3/17/20 17:01:45,ETH/BTC,ask,0.02190152,130
3/17/20 17:01:45,ETH/BTC,ask,0.021902,169.3861
3/17/20 17:01:45,ETH/BTC,ask,0.02190426,18.27656848
3/17/20 17:01:45,ETH/BTC,ask,0.02191749,23.5
3/17/20 17:01:45,ETH/BTC,ask,0.02192039,0.4014997
3/17/20 17:01:45,ETH/BTC,ask,0.02193217,36.8
3/17/20 17:01:45,ETH/BTC,ask,0.02194443,1.37106559
3/17/20 17:01:45,ETH/BTC,ask,0.02194445,3
3/17/20 17:01:45,ETH/BTC,ask,0.02194667,50.95
3/17/20 17:01:45,ETH/BTC,ask,0.02195887,14.73
3/17/20 17:01:45,ETH/BTC,ask,0.02196,0.0199982
3/17/20 17:01:45,ETH/BTC,ask,0.02196165,37.7
3/17/20 17:01:45,ETH/BTC,ask,0.02197627,25.4
3/17/20 17:01:45,ETH/BTC,ask,0.02199398,4.94993079
3/17/20 17:01:45,ETH/BTC,ask,0.021998,0.01251984
3/17/20 17:01:45,ETH/BTC,ask,0.02201782,0.17
3/17/20 17:01:45,ETH/BTC,ask,0.02202912,1.13550823
3/17/20 17:01:45,ETH/BTC,ask,0.02204899,0.4
3/17/20 17:01:45,ETH/BTC,ask,0.02205152,0.00623928
3/17/20 17:01:45,ETH/BTC,ask,0.02205403,508.55
3/17/20 17:01:45,ETH/BTC,ask,0.0220972,0.01263333
3/17/20 17:01:45,ETH/BTC,ask,0.02210103,0.00019101
3/17/20 17:01:45,ETH/BTC,ask,0.02210226,0.086064
3/17/20 17:01:45,ETH/BTC,ask,0.02210655,6.90840309
3/17/20 17:01:45,ETH/BTC,ask,0.02210752,1.24905905
3/17/20 17:01:45,ETH/BTC,ask,0.02214278,29.81591608
3/17/20 17:01:45,ETH/BTC,ask,0.0221428,0.01274004
3/17/20 17:01:45,ETH/BTC,ask,0.02215,0.0697053
3/17/20 17:01:45,ETH/BTC,ask,0.0221597,0.4
3/17/20 17:01:45,ETH/BTC,ask,0.02216178,0.00620832
3/17/20 17:01:45,ETH/BTC,ask,0.02218591,1.37396496
3/17/20 17:01:45,ETH/BTC,ask,0.0221898,0.01286127
